tradingdate,tradingtime,symbol,lastprice,buyprice01,sellprice01
2025-08-26,2025-08-26 09:29:00.000,IO2511-C-4900,86.8,76.8,86.8
2025-08-26,2025-08-26 09:30:00.500,IO2511-C-4900,86.8,81.2,86.8
2025-08-26,2025-08-26 09:30:01.000,IO2511-C-4900,86.8,81.2,86.8
2025-08-26,2025-08-26 09:30:01.500,IO2511-C-4900,86.8,81.4,86.8
2025-08-26,2025-08-26 09:30:03.000,IO2511-C-4900,86.8,81.4,86.8
2025-08-26,2025-08-26 09:30:04.000,IO2511-C-4900,86.8,81.4,86.8
2025-08-26,2025-08-26 09:30:05.000,IO2511-C-4900,86.8,81.4,86.8
2025-08-26,2025-08-26 09:30:06.000,IO2511-C-4900,86.8,81.4,86.8
2025-08-26,2025-08-26 09:30:06.500,IO2511-C-4900,86.8,81.4,86.8
2025-08-26,2025-08-26 09:30:07.000,IO2511-C-4900,86.8,81.4,86.6
2025-08-26,2025-08-26 09:30:07.500,IO2511-C-4900,86.8,81.4,86.6
2025-08-26,2025-08-26 09:30:09.000,IO2511-C-4900,86.8,81.4,86.8
2025-08-26,2025-08-26 09:30:12.000,IO2511-C-4900,86.8,81.2,86.8
2025-08-26,2025-08-26 09:30:12.500,IO2511-C-4900,86.8,81.2,86.8
2025-08-26,2025-08-26 09:30:13.000,IO2511-C-4900,86.8,81.2,86.6
2025-08-26,2025-08-26 09:30:13.500,IO2511-C-4900,86.8,81.2,86.6
2025-08-26,2025-08-26 09:30:15.000,IO2511-C-4900,86.8,81.2,86.6
2025-08-26,2025-08-26 09:30:15.500,IO2511-C-4900,86.8,81.2,94.2
2025-08-26,2025-08-26 09:30:16.000,IO2511-C-4900,86.8,81.2,94.2
2025-08-26,2025-08-26 09:30:17.000,IO2511-C-4900,86.8,81.2,94.2
2025-08-26,2025-08-26 09:30:18.500,IO2511-C-4900,86.8,74.4,94.2
2025-08-26,2025-08-26 09:30:19.000,IO2511-C-4900,86.8,74.4,94.2
2025-08-26,2025-08-26 09:30:19.500,IO2511-C-4900,86.8,74.4,94.0
2025-08-26,2025-08-26 09:30:20.000,IO2511-C-4900,86.8,71.0,94.0
2025-08-26,2025-08-26 09:30:20.500,IO2511-C-4900,86.8,71.0,94.0
2025-08-26,2025-08-26 09:30:21.000,IO2511-C-4900,86.8,71.0,94.2
2025-08-26,2025-08-26 09:30:22.000,IO2511-C-4900,86.8,71.0,94.2
2025-08-26,2025-08-26 09:30:22.500,IO2511-C-4900,86.8,71.0,94.2
2025-08-26,2025-08-26 09:30:23.500,IO2511-C-4900,86.8,71.2,94.2
2025-08-26,2025-08-26 09:30:24.000,IO2511-C-4900,86.8,71.2,94.2
2025-08-26,2025-08-26 09:30:25.000,IO2511-C-4900,86.8,71.0,94.2
2025-08-26,2025-08-26 09:30:25.500,IO2511-C-4900,86.8,71.0,94.2
2025-08-26,2025-08-26 09:30:29.500,IO2511-C-4900,86.8,71.0,94.2
2025-08-26,2025-08-26 09:30:30.000,IO2511-C-4900,86.8,71.0,94.2
2025-08-26,2025-08-26 09:30:31.000,IO2511-C-4900,86.8,71.0,94.2
2025-08-26,2025-08-26 09:30:33.000,IO2511-C-4900,86.8,71.0,94.2
2025-08-26,2025-08-26 09:30:33.500,IO2511-C-4900,86.8,71.0,94.2
2025-08-26,2025-08-26 09:30:34.000,IO2511-C-4900,86.8,71.0,94.2
2025-08-26,2025-08-26 09:30:37.500,IO2511-C-4900,86.8,71.0,94.2
2025-08-26,2025-08-26 09:30:39.000,IO2511-C-4900,86.8,71.0,94.2
2025-08-26,2025-08-26 09:30:40.000,IO2511-C-4900,86.8,71.0,94.2
2025-08-26,2025-08-26 09:30:41.000,IO2511-C-4900,86.8,71.0,94.2
2025-08-26,2025-08-26 09:30:41.500,IO2511-C-4900,86.8,71.0,94.2
2025-08-26,2025-08-26 09:30:42.000,IO2511-C-4900,86.8,71.0,94.2
2025-08-26,2025-08-26 09:30:44.000,IO2511-C-4900,86.8,82.0,88.6
2025-08-26,2025-08-26 09:30:44.500,IO2511-C-4900,86.8,82.0,88.6
2025-08-26,2025-08-26 09:30:45.000,IO2511-C-4900,86.8,82.0,88.6
2025-08-26,2025-08-26 09:30:45.500,IO2511-C-4900,86.8,82.0,88.4
2025-08-26,2025-08-26 09:30:46.000,IO2511-C-4900,86.8,82.0,88.4
2025-08-26,2025-08-26 09:30:46.500,IO2511-C-4900,86.8,82.0,88.4
2025-08-26,2025-08-26 09:30:48.000,IO2511-C-4900,86.8,79.8,88.4
2025-08-26,2025-08-26 09:30:48.500,IO2511-C-4900,86.8,79.8,88.4
2025-08-26,2025-08-26 09:30:49.000,IO2511-C-4900,86.8,79.8,88.4
2025-08-26,2025-08-26 09:30:49.500,IO2511-C-4900,86.8,79.8,88.4
2025-08-26,2025-08-26 09:30:52.000,IO2511-C-4900,86.8,79.8,88.4
2025-08-26,2025-08-26 09:31:03.500,IO2511-C-4900,86.8,79.8,88.4
2025-08-26,2025-08-26 09:31:04.500,IO2511-C-4900,86.8,79.8,88.4
2025-08-26,2025-08-26 09:31:06.000,IO2511-C-4900,86.8,79.8,88.4
2025-08-26,2025-08-26 09:31:07.000,IO2511-C-4900,86.8,79.8,88.4
2025-08-26,2025-08-26 09:31:07.500,IO2511-C-4900,86.8,79.8,88.4
2025-08-26,2025-08-26 09:31:10.000,IO2511-C-4900,86.8,79.8,86.2
2025-08-26,2025-08-26 09:31:10.500,IO2511-C-4900,86.8,79.8,86.2
2025-08-26,2025-08-26 09:31:11.000,IO2511-C-4900,86.8,79.6,86.2
2025-08-26,2025-08-26 09:31:11.500,IO2511-C-4900,86.8,79.6,86.2
2025-08-26,2025-08-26 09:31:12.000,IO2511-C-4900,86.8,79.6,86.2
2025-08-26,2025-08-26 09:31:17.000,IO2511-C-4900,86.8,79.6,86.2
2025-08-26,2025-08-26 09:31:17.500,IO2511-C-4900,86.8,79.6,86.2
2025-08-26,2025-08-26 09:31:19.000,IO2511-C-4900,86.8,79.6,86.2
2025-08-26,2025-08-26 09:31:19.500,IO2511-C-4900,86.8,79.6,86.2
2025-08-26,2025-08-26 09:31:20.000,IO2511-C-4900,86.8,79.6,86.2
2025-08-26,2025-08-26 09:31:20.500,IO2511-C-4900,86.8,79.6,86.2
2025-08-26,2025-08-26 09:31:21.000,IO2511-C-4900,86.8,79.6,86.2
2025-08-26,2025-08-26 09:31:21.500,IO2511-C-4900,86.8,79.6,86.2
2025-08-26,2025-08-26 09:31:22.000,IO2511-C-4900,86.8,79.6,86.2
2025-08-26,2025-08-26 09:31:22.500,IO2511-C-4900,86.8,79.6,86.2
2025-08-26,2025-08-26 09:31:23.000,IO2511-C-4900,86.8,79.6,86.2
2025-08-26,2025-08-26 09:31:23.500,IO2511-C-4900,86.8,79.6,86.2
2025-08-26,2025-08-26 09:31:24.000,IO2511-C-4900,86.8,79.6,86.2
2025-08-26,2025-08-26 09:31:24.500,IO2511-C-4900,86.8,79.6,86.2
2025-08-26,2025-08-26 09:31:25.000,IO2511-C-4900,86.8,79.6,86.2
2025-08-26,2025-08-26 09:31:25.500,IO2511-C-4900,86.8,79.6,86.2
2025-08-26,2025-08-26 09:31:26.000,IO2511-C-4900,86.8,79.6,86.2
2025-08-26,2025-08-26 09:31:26.500,IO2511-C-4900,86.8,79.6,86.2
2025-08-26,2025-08-26 09:31:27.000,IO2511-C-4900,86.8,79.6,86.2
2025-08-26,2025-08-26 09:31:31.000,IO2511-C-4900,86.8,79.6,86.2
2025-08-26,2025-08-26 09:31:31.500,IO2511-C-4900,86.8,79.6,86.2
2025-08-26,2025-08-26 09:31:33.000,IO2511-C-4900,86.8,79.6,86.2
2025-08-26,2025-08-26 09:31:33.500,IO2511-C-4900,86.8,79.6,86.2
2025-08-26,2025-08-26 09:31:34.000,IO2511-C-4900,86.8,79.6,86.2
2025-08-26,2025-08-26 09:31:42.500,IO2511-C-4900,86.8,79.6,86.2
2025-08-26,2025-08-26 09:31:43.500,IO2511-C-4900,86.8,79.6,86.2
2025-08-26,2025-08-26 09:31:49.500,IO2511-C-4900,86.8,79.8,86.2
2025-08-26,2025-08-26 09:31:50.500,IO2511-C-4900,86.8,79.8,86.2
2025-08-26,2025-08-26 09:31:51.000,IO2511-C-4900,86.8,79.8,86.2
2025-08-26,2025-08-26 09:31:53.000,IO2511-C-4900,86.8,80.0,86.2
2025-08-26,2025-08-26 09:31:53.500,IO2511-C-4900,86.8,80.0,86.2
2025-08-26,2025-08-26 09:31:54.500,IO2511-C-4900,86.8,80.0,86.2
2025-08-26,2025-08-26 09:31:56.000,IO2511-C-4900,86.8,80.4,86.2
2025-08-26,2025-08-26 09:31:56.500,IO2511-C-4900,86.8,80.4,86.2
2025-08-26,2025-08-26 09:31:57.000,IO2511-C-4900,86.8,80.4,86.2
2025-08-26,2025-08-26 09:31:57.500,IO2511-C-4900,86.8,80.4,86.2
2025-08-26,2025-08-26 09:32:00.000,IO2511-C-4900,86.8,80.4,86.2
2025-08-26,2025-08-26 09:32:00.500,IO2511-C-4900,86.8,80.4,86.2
2025-08-26,2025-08-26 09:32:02.000,IO2511-C-4900,86.8,80.6,86.2
2025-08-26,2025-08-26 09:32:02.500,IO2511-C-4900,86.8,80.8,86.2
2025-08-26,2025-08-26 09:32:03.000,IO2511-C-4900,86.8,80.8,86.2
2025-08-26,2025-08-26 09:32:03.500,IO2511-C-4900,86.8,81.0,86.2
2025-08-26,2025-08-26 09:32:04.000,IO2511-C-4900,86.8,81.0,86.2
2025-08-26,2025-08-26 09:32:04.500,IO2511-C-4900,86.8,81.0,86.2
2025-08-26,2025-08-26 09:32:05.000,IO2511-C-4900,86.8,81.2,86.2
2025-08-26,2025-08-26 09:32:05.500,IO2511-C-4900,86.8,81.2,86.0
2025-08-26,2025-08-26 09:32:06.000,IO2511-C-4900,86.8,81.2,86.0
2025-08-26,2025-08-26 09:32:06.500,IO2511-C-4900,86.8,81.2,86.0
2025-08-26,2025-08-26 09:32:07.000,IO2511-C-4900,86.8,81.2,86.0
2025-08-26,2025-08-26 09:32:08.000,IO2511-C-4900,86.8,81.4,86.0
2025-08-26,2025-08-26 09:32:08.500,IO2511-C-4900,86.8,81.8,86.0
2025-08-26,2025-08-26 09:32:09.000,IO2511-C-4900,86.8,82.0,86.0
2025-08-26,2025-08-26 09:32:09.500,IO2511-C-4900,86.8,82.0,86.0
2025-08-26,2025-08-26 09:32:10.500,IO2511-C-4900,86.8,82.0,86.0
2025-08-26,2025-08-26 09:32:11.000,IO2511-C-4900,86.8,82.0,86.0
2025-08-26,2025-08-26 09:32:11.500,IO2511-C-4900,86.8,82.0,86.0
2025-08-26,2025-08-26 09:32:12.000,IO2511-C-4900,86.8,82.2,86.0
2025-08-26,2025-08-26 09:32:12.500,IO2511-C-4900,86.8,82.2,86.0
2025-08-26,2025-08-26 09:32:13.000,IO2511-C-4900,86.8,82.2,86.0
2025-08-26,2025-08-26 09:32:13.500,IO2511-C-4900,86.8,82.4,86.0
2025-08-26,2025-08-26 09:32:14.000,IO2511-C-4900,86.8,82.4,86.0
2025-08-26,2025-08-26 09:32:15.500,IO2511-C-4900,86.8,82.4,86.0
2025-08-26,2025-08-26 09:32:18.500,IO2511-C-4900,86.8,82.4,86.0
2025-08-26,2025-08-26 09:32:25.000,IO2511-C-4900,86.8,82.4,86.0
2025-08-26,2025-08-26 09:32:25.500,IO2511-C-4900,86.8,82.4,86.0
2025-08-26,2025-08-26 09:32:26.000,IO2511-C-4900,86.8,82.2,86.0
2025-08-26,2025-08-26 09:32:26.500,IO2511-C-4900,86.8,82.2,86.0
2025-08-26,2025-08-26 09:32:27.500,IO2511-C-4900,86.8,82.2,86.0
2025-08-26,2025-08-26 09:32:28.500,IO2511-C-4900,86.8,82.2,86.0
2025-08-26,2025-08-26 09:32:29.500,IO2511-C-4900,86.8,82.2,86.0
2025-08-26,2025-08-26 09:32:32.000,IO2511-C-4900,86.8,82.2,86.0
2025-08-26,2025-08-26 09:32:32.500,IO2511-C-4900,86.8,82.2,86.2
2025-08-26,2025-08-26 09:32:33.000,IO2511-C-4900,86.8,82.2,86.2
2025-08-26,2025-08-26 09:32:33.500,IO2511-C-4900,86.8,82.4,86.2
2025-08-26,2025-08-26 09:32:34.500,IO2511-C-4900,86.8,82.4,86.2
2025-08-26,2025-08-26 09:32:37.000,IO2511-C-4900,86.8,82.4,86.2
2025-08-26,2025-08-26 09:32:37.500,IO2511-C-4900,86.8,82.6,86.2
2025-08-26,2025-08-26 09:32:40.000,IO2511-C-4900,86.8,82.6,86.2
2025-08-26,2025-08-26 09:32:42.500,IO2511-C-4900,86.8,82.6,86.2
2025-08-26,2025-08-26 09:32:44.000,IO2511-C-4900,86.8,82.6,86.2
2025-08-26,2025-08-26 09:32:44.500,IO2511-C-4900,86.8,82.8,86.2
2025-08-26,2025-08-26 09:32:45.000,IO2511-C-4900,86.8,82.8,86.2
2025-08-26,2025-08-26 09:32:45.500,IO2511-C-4900,86.8,82.8,86.2
2025-08-26,2025-08-26 09:32:46.000,IO2511-C-4900,86.8,82.8,86.2
2025-08-26,2025-08-26 09:32:46.500,IO2511-C-4900,86.8,83.0,86.2
2025-08-26,2025-08-26 09:32:47.000,IO2511-C-4900,86.8,83.0,86.2
2025-08-26,2025-08-26 09:32:47.500,IO2511-C-4900,86.8,83.0,86.4
2025-08-26,2025-08-26 09:32:48.000,IO2511-C-4900,86.8,83.0,86.6
2025-08-26,2025-08-26 09:32:48.500,IO2511-C-4900,86.8,83.0,86.6
2025-08-26,2025-08-26 09:32:49.000,IO2511-C-4900,86.8,83.0,86.6
2025-08-26,2025-08-26 09:32:49.500,IO2511-C-4900,86.8,83.0,86.6
2025-08-26,2025-08-26 09:32:52.500,IO2511-C-4900,86.8,83.0,86.6
2025-08-26,2025-08-26 09:32:53.000,IO2511-C-4900,86.8,83.0,86.6
2025-08-26,2025-08-26 09:32:53.500,IO2511-C-4900,86.8,83.0,86.6
2025-08-26,2025-08-26 09:32:54.000,IO2511-C-4900,86.8,83.0,86.6
2025-08-26,2025-08-26 09:32:54.500,IO2511-C-4900,86.8,83.0,86.6
2025-08-26,2025-08-26 09:32:55.000,IO2511-C-4900,86.8,83.2,86.6
2025-08-26,2025-08-26 09:32:56.000,IO2511-C-4900,86.8,83.2,86.6
2025-08-26,2025-08-26 09:32:57.500,IO2511-C-4900,86.8,83.2,86.8
2025-08-26,2025-08-26 09:32:58.000,IO2511-C-4900,86.8,83.4,87.0
2025-08-26,2025-08-26 09:32:58.500,IO2511-C-4900,86.8,83.4,87.0
2025-08-26,2025-08-26 09:32:59.000,IO2511-C-4900,86.8,83.4,87.2
2025-08-26,2025-08-26 09:32:59.500,IO2511-C-4900,86.8,83.6,87.4
2025-08-26,2025-08-26 09:33:00.000,IO2511-C-4900,86.8,83.6,87.4
2025-08-26,2025-08-26 09:33:00.500,IO2511-C-4900,86.8,83.6,87.4
2025-08-26,2025-08-26 09:33:01.000,IO2511-C-4900,86.8,83.6,87.4
2025-08-26,2025-08-26 09:33:01.500,IO2511-C-4900,86.8,83.8,87.4
2025-08-26,2025-08-26 09:33:02.000,IO2511-C-4900,86.8,83.8,87.4
2025-08-26,2025-08-26 09:33:02.500,IO2511-C-4900,86.8,83.8,87.4
2025-08-26,2025-08-26 09:33:03.000,IO2511-C-4900,86.8,84.0,87.2
2025-08-26,2025-08-26 09:33:03.500,IO2511-C-4900,86.8,84.0,87.2
2025-08-26,2025-08-26 09:33:04.000,IO2511-C-4900,86.8,84.0,87.4
2025-08-26,2025-08-26 09:33:04.500,IO2511-C-4900,86.8,84.0,87.4
2025-08-26,2025-08-26 09:33:06.500,IO2511-C-4900,86.8,84.2,87.2
2025-08-26,2025-08-26 09:33:07.000,IO2511-C-4900,86.8,84.2,87.2
2025-08-26,2025-08-26 09:33:07.500,IO2511-C-4900,86.8,84.2,87.2
2025-08-26,2025-08-26 09:33:11.500,IO2511-C-4900,86.8,84.2,87.4
2025-08-26,2025-08-26 09:33:12.000,IO2511-C-4900,86.8,84.2,87.4
2025-08-26,2025-08-26 09:33:13.500,IO2511-C-4900,86.8,84.2,87.4
2025-08-26,2025-08-26 09:33:14.000,IO2511-C-4900,86.8,84.2,87.4
2025-08-26,2025-08-26 09:33:15.000,IO2511-C-4900,86.8,84.2,87.4
2025-08-26,2025-08-26 09:33:15.500,IO2511-C-4900,86.8,84.2,87.4
2025-08-26,2025-08-26 09:33:17.000,IO2511-C-4900,86.8,84.2,87.2
2025-08-26,2025-08-26 09:33:26.000,IO2511-C-4900,86.8,84.2,87.2
2025-08-26,2025-08-26 09:33:27.500,IO2511-C-4900,86.8,84.2,87.2
2025-08-26,2025-08-26 09:33:29.000,IO2511-C-4900,86.8,84.2,87.2
2025-08-26,2025-08-26 09:33:32.000,IO2511-C-4900,86.8,84.2,87.2
2025-08-26,2025-08-26 09:33:33.000,IO2511-C-4900,86.8,84.2,87.0
2025-08-26,2025-08-26 09:33:33.500,IO2511-C-4900,86.8,84.2,87.0
2025-08-26,2025-08-26 09:33:34.000,IO2511-C-4900,86.8,84.2,87.0
2025-08-26,2025-08-26 09:33:34.500,IO2511-C-4900,86.8,84.2,86.8
2025-08-26,2025-08-26 09:33:35.000,IO2511-C-4900,86.8,84.2,86.8
2025-08-26,2025-08-26 09:33:38.500,IO2511-C-4900,86.8,84.2,86.6
2025-08-26,2025-08-26 09:33:39.000,IO2511-C-4900,86.8,84.2,86.6
2025-08-26,2025-08-26 09:33:39.500,IO2511-C-4900,86.8,84.2,86.6
2025-08-26,2025-08-26 09:33:42.000,IO2511-C-4900,86.8,84.0,86.4
2025-08-26,2025-08-26 09:33:42.500,IO2511-C-4900,86.8,84.0,86.4
2025-08-26,2025-08-26 09:33:43.000,IO2511-C-4900,86.8,84.0,86.4
2025-08-26,2025-08-26 09:33:43.500,IO2511-C-4900,86.8,84.0,86.4
2025-08-26,2025-08-26 09:33:47.000,IO2511-C-4900,86.8,84.0,86.4
2025-08-26,2025-08-26 09:33:47.500,IO2511-C-4900,86.8,84.0,86.4
2025-08-26,2025-08-26 09:33:51.000,IO2511-C-4900,86.8,83.8,86.4
2025-08-26,2025-08-26 09:33:51.500,IO2511-C-4900,86.8,83.8,86.4
2025-08-26,2025-08-26 09:33:53.000,IO2511-C-4900,86.8,83.6,86.4
2025-08-26,2025-08-26 09:33:53.500,IO2511-C-4900,86.8,83.6,86.4
2025-08-26,2025-08-26 09:33:54.000,IO2511-C-4900,86.8,83.6,86.4
2025-08-26,2025-08-26 09:33:54.500,IO2511-C-4900,86.8,83.4,86.4
2025-08-26,2025-08-26 09:33:55.000,IO2511-C-4900,86.8,83.4,86.4
2025-08-26,2025-08-26 09:33:55.500,IO2511-C-4900,86.8,83.4,86.4
2025-08-26,2025-08-26 09:33:57.500,IO2511-C-4900,86.8,83.4,86.4
2025-08-26,2025-08-26 09:33:58.000,IO2511-C-4900,86.8,83.4,86.4
2025-08-26,2025-08-26 09:33:59.000,IO2511-C-4900,86.8,83.4,86.4
2025-08-26,2025-08-26 09:34:01.000,IO2511-C-4900,86.8,83.4,86.4
2025-08-26,2025-08-26 09:34:01.500,IO2511-C-4900,86.8,83.4,86.4
2025-08-26,2025-08-26 09:34:02.000,IO2511-C-4900,86.8,83.4,86.4
2025-08-26,2025-08-26 09:34:07.000,IO2511-C-4900,86.8,83.4,86.2
2025-08-26,2025-08-26 09:34:07.500,IO2511-C-4900,86.8,83.4,86.2
2025-08-26,2025-08-26 09:34:08.000,IO2511-C-4900,86.8,83.4,86.2
2025-08-26,2025-08-26 09:34:08.500,IO2511-C-4900,86.8,83.4,86.2
2025-08-26,2025-08-26 09:34:09.000,IO2511-C-4900,86.8,83.4,86.0
2025-08-26,2025-08-26 09:34:09.500,IO2511-C-4900,86.8,83.4,86.0
2025-08-26,2025-08-26 09:34:11.000,IO2511-C-4900,86.8,83.2,86.0
2025-08-26,2025-08-26 09:34:11.500,IO2511-C-4900,86.8,83.2,86.0
2025-08-26,2025-08-26 09:34:13.000,IO2511-C-4900,86.8,83.2,86.0
2025-08-26,2025-08-26 09:34:13.500,IO2511-C-4900,86.8,83.2,86.0
2025-08-26,2025-08-26 09:34:15.000,IO2511-C-4900,86.8,83.2,86.0
2025-08-26,2025-08-26 09:34:16.500,IO2511-C-4900,86.8,83.2,86.0
2025-08-26,2025-08-26 09:34:17.000,IO2511-C-4900,86.8,83.2,86.0
2025-08-26,2025-08-26 09:34:27.500,IO2511-C-4900,86.8,83.2,86.0
2025-08-26,2025-08-26 09:34:28.000,IO2511-C-4900,86.8,83.2,86.0
2025-08-26,2025-08-26 09:34:29.500,IO2511-C-4900,86.8,83.2,86.0
2025-08-26,2025-08-26 09:34:34.000,IO2511-C-4900,86.8,83.2,86.0
2025-08-26,2025-08-26 09:34:34.500,IO2511-C-4900,86.8,83.2,86.0
2025-08-26,2025-08-26 09:34:35.000,IO2511-C-4900,86.8,83.0,86.0
2025-08-26,2025-08-26 09:34:35.500,IO2511-C-4900,86.8,83.0,86.0
2025-08-26,2025-08-26 09:34:45.500,IO2511-C-4900,86.8,83.0,86.0
2025-08-26,2025-08-26 09:34:46.000,IO2511-C-4900,86.8,83.0,86.0
2025-08-26,2025-08-26 09:34:48.000,IO2511-C-4900,86.8,83.0,86.2
2025-08-26,2025-08-26 09:34:48.500,IO2511-C-4900,86.8,83.0,86.2
2025-08-26,2025-08-26 09:34:49.000,IO2511-C-4900,86.8,83.0,86.2
2025-08-26,2025-08-26 09:34:54.000,IO2511-C-4900,86.8,83.0,86.2
2025-08-26,2025-08-26 09:34:56.500,IO2511-C-4900,86.8,83.0,86.2
2025-08-26,2025-08-26 09:34:57.000,IO2511-C-4900,86.8,83.0,86.2
2025-08-26,2025-08-26 09:34:59.000,IO2511-C-4900,86.8,83.0,86.2
2025-08-26,2025-08-26 09:35:01.500,IO2511-C-4900,86.8,83.0,86.2
2025-08-26,2025-08-26 09:35:02.000,IO2511-C-4900,86.8,83.0,86.2
2025-08-26,2025-08-26 09:35:04.000,IO2511-C-4900,86.8,83.0,86.2
2025-08-26,2025-08-26 09:35:06.000,IO2511-C-4900,86.8,83.0,86.2
2025-08-26,2025-08-26 09:35:06.500,IO2511-C-4900,86.8,83.0,86.2
2025-08-26,2025-08-26 09:35:07.500,IO2511-C-4900,86.8,83.0,86.2
2025-08-26,2025-08-26 09:35:08.000,IO2511-C-4900,86.8,83.0,86.2
2025-08-26,2025-08-26 09:35:08.500,IO2511-C-4900,86.8,83.0,86.2
2025-08-26,2025-08-26 09:35:10.000,IO2511-C-4900,86.8,83.0,86.2
2025-08-26,2025-08-26 09:35:14.000,IO2511-C-4900,86.8,83.0,86.2
2025-08-26,2025-08-26 09:35:15.500,IO2511-C-4900,86.8,83.0,86.2
2025-08-26,2025-08-26 09:35:17.500,IO2511-C-4900,86.8,83.0,86.2
2025-08-26,2025-08-26 09:35:18.000,IO2511-C-4900,86.8,83.0,86.2
2025-08-26,2025-08-26 09:35:21.000,IO2511-C-4900,86.8,83.0,86.2
2025-08-26,2025-08-26 09:35:22.500,IO2511-C-4900,86.8,83.0,86.2
2025-08-26,2025-08-26 09:35:27.500,IO2511-C-4900,86.8,83.0,86.2
2025-08-26,2025-08-26 09:35:28.000,IO2511-C-4900,86.8,83.0,86.2
2025-08-26,2025-08-26 09:35:28.500,IO2511-C-4900,86.8,83.0,86.2
2025-08-26,2025-08-26 09:35:30.000,IO2511-C-4900,86.8,83.0,86.2
2025-08-26,2025-08-26 09:35:32.000,IO2511-C-4900,86.8,83.0,86.2
2025-08-26,2025-08-26 09:35:35.000,IO2511-C-4900,86.8,83.0,86.2
2025-08-26,2025-08-26 09:35:36.500,IO2511-C-4900,86.8,83.2,86.2
2025-08-26,2025-08-26 09:35:47.500,IO2511-C-4900,86.8,83.0,86.2
2025-08-26,2025-08-26 09:35:48.000,IO2511-C-4900,86.8,83.0,86.2
2025-08-26,2025-08-26 09:35:48.500,IO2511-C-4900,86.8,83.0,86.2
2025-08-26,2025-08-26 09:35:50.000,IO2511-C-4900,86.8,83.0,86.2
2025-08-26,2025-08-26 09:35:52.500,IO2511-C-4900,86.8,83.0,86.2
2025-08-26,2025-08-26 09:35:53.500,IO2511-C-4900,86.8,82.8,86.2
2025-08-26,2025-08-26 09:35:54.000,IO2511-C-4900,86.8,82.6,86.2
2025-08-26,2025-08-26 09:35:54.500,IO2511-C-4900,86.8,82.6,86.2
2025-08-26,2025-08-26 09:35:57.500,IO2511-C-4900,86.8,82.6,86.0
2025-08-26,2025-08-26 09:35:58.000,IO2511-C-4900,86.8,82.6,86.0
2025-08-26,2025-08-26 09:35:58.500,IO2511-C-4900,86.8,82.6,86.0
2025-08-26,2025-08-26 09:35:59.000,IO2511-C-4900,86.8,82.6,86.0
2025-08-26,2025-08-26 09:35:59.500,IO2511-C-4900,86.8,82.6,85.8
2025-08-26,2025-08-26 09:36:00.000,IO2511-C-4900,86.8,82.6,85.8
2025-08-26,2025-08-26 09:36:00.500,IO2511-C-4900,86.8,82.6,85.8
2025-08-26,2025-08-26 09:36:01.000,IO2511-C-4900,86.8,82.4,85.8
2025-08-26,2025-08-26 09:36:01.500,IO2511-C-4900,86.8,82.4,85.8
2025-08-26,2025-08-26 09:36:04.500,IO2511-C-4900,86.8,82.4,85.8
2025-08-26,2025-08-26 09:36:05.500,IO2511-C-4900,86.8,82.4,85.8
2025-08-26,2025-08-26 09:36:06.000,IO2511-C-4900,86.8,82.4,85.8
2025-08-26,2025-08-26 09:36:06.500,IO2511-C-4900,86.8,82.4,85.8
2025-08-26,2025-08-26 09:36:07.000,IO2511-C-4900,86.8,82.4,85.8
2025-08-26,2025-08-26 09:36:10.500,IO2511-C-4900,86.8,82.4,85.8
2025-08-26,2025-08-26 09:36:11.500,IO2511-C-4900,86.8,82.4,85.6
2025-08-26,2025-08-26 09:36:12.000,IO2511-C-4900,86.8,82.4,85.6
2025-08-26,2025-08-26 09:36:12.500,IO2511-C-4900,86.8,82.4,85.6
2025-08-26,2025-08-26 09:36:13.000,IO2511-C-4900,86.8,82.2,85.6
2025-08-26,2025-08-26 09:36:13.500,IO2511-C-4900,86.8,82.2,85.6
2025-08-26,2025-08-26 09:36:14.000,IO2511-C-4900,86.8,82.2,85.6
2025-08-26,2025-08-26 09:36:14.500,IO2511-C-4900,86.8,82.2,85.6
2025-08-26,2025-08-26 09:36:17.500,IO2511-C-4900,86.8,82.2,85.6
2025-08-26,2025-08-26 09:36:21.500,IO2511-C-4900,86.8,82.2,85.4
2025-08-26,2025-08-26 09:36:22.000,IO2511-C-4900,86.8,82.2,85.4
2025-08-26,2025-08-26 09:36:22.500,IO2511-C-4900,86.8,82.2,85.6
2025-08-26,2025-08-26 09:36:23.000,IO2511-C-4900,86.8,82.2,85.6
2025-08-26,2025-08-26 09:36:27.000,IO2511-C-4900,86.8,82.2,85.6
2025-08-26,2025-08-26 09:36:27.500,IO2511-C-4900,86.8,82.2,85.6
2025-08-26,2025-08-26 09:36:31.500,IO2511-C-4900,86.8,82.2,85.6
2025-08-26,2025-08-26 09:36:32.500,IO2511-C-4900,86.8,82.2,85.6
2025-08-26,2025-08-26 09:36:34.500,IO2511-C-4900,86.8,82.2,85.6
2025-08-26,2025-08-26 09:36:35.000,IO2511-C-4900,86.8,82.2,85.4
2025-08-26,2025-08-26 09:36:35.500,IO2511-C-4900,86.8,82.2,85.4
2025-08-26,2025-08-26 09:36:37.500,IO2511-C-4900,86.8,82.2,85.4
2025-08-26,2025-08-26 09:36:39.000,IO2511-C-4900,86.8,82.2,85.4
2025-08-26,2025-08-26 09:36:51.000,IO2511-C-4900,86.8,82.2,85.4
2025-08-26,2025-08-26 09:36:54.000,IO2511-C-4900,86.8,82.0,85.4
2025-08-26,2025-08-26 09:36:54.500,IO2511-C-4900,86.8,82.0,85.4
2025-08-26,2025-08-26 09:36:55.000,IO2511-C-4900,86.8,82.0,85.4
2025-08-26,2025-08-26 09:36:55.500,IO2511-C-4900,86.8,82.0,85.4
2025-08-26,2025-08-26 09:36:56.000,IO2511-C-4900,86.8,81.8,85.2
2025-08-26,2025-08-26 09:36:56.500,IO2511-C-4900,86.8,81.8,85.2
2025-08-26,2025-08-26 09:36:57.000,IO2511-C-4900,86.8,81.8,85.2
2025-08-26,2025-08-26 09:36:57.500,IO2511-C-4900,86.8,81.8,85.2
2025-08-26,2025-08-26 09:37:00.500,IO2511-C-4900,86.8,81.8,85.2
2025-08-26,2025-08-26 09:37:01.000,IO2511-C-4900,86.8,81.8,85.2
2025-08-26,2025-08-26 09:37:01.500,IO2511-C-4900,86.8,81.8,85.0
2025-08-26,2025-08-26 09:37:02.000,IO2511-C-4900,86.8,81.8,85.0
2025-08-26,2025-08-26 09:37:02.500,IO2511-C-4900,86.8,81.8,85.0
2025-08-26,2025-08-26 09:37:03.500,IO2511-C-4900,86.8,82.0,85.0
2025-08-26,2025-08-26 09:37:04.000,IO2511-C-4900,86.8,82.0,85.0
2025-08-26,2025-08-26 09:37:04.500,IO2511-C-4900,86.8,82.0,85.0
2025-08-26,2025-08-26 09:37:05.000,IO2511-C-4900,86.8,82.0,85.0
2025-08-26,2025-08-26 09:37:11.000,IO2511-C-4900,86.8,82.0,85.0
2025-08-26,2025-08-26 09:37:14.500,IO2511-C-4900,86.8,82.0,85.0
2025-08-26,2025-08-26 09:37:15.500,IO2511-C-4900,86.8,82.2,85.0
2025-08-26,2025-08-26 09:37:16.000,IO2511-C-4900,86.8,82.2,85.0
2025-08-26,2025-08-26 09:37:17.500,IO2511-C-4900,86.8,82.2,85.0
2025-08-26,2025-08-26 09:37:20.500,IO2511-C-4900,86.8,82.2,85.0
2025-08-26,2025-08-26 09:37:21.000,IO2511-C-4900,86.8,82.2,85.0
2025-08-26,2025-08-26 09:37:22.000,IO2511-C-4900,86.8,82.2,85.0
2025-08-26,2025-08-26 09:37:24.000,IO2511-C-4900,86.8,82.2,85.0
2025-08-26,2025-08-26 09:37:28.000,IO2511-C-4900,86.8,82.2,85.0
2025-08-26,2025-08-26 09:37:29.500,IO2511-C-4900,86.8,82.2,85.0
2025-08-26,2025-08-26 09:37:31.500,IO2511-C-4900,86.8,82.2,85.0
2025-08-26,2025-08-26 09:37:36.000,IO2511-C-4900,86.8,82.2,85.0
2025-08-26,2025-08-26 09:37:44.500,IO2511-C-4900,86.8,82.4,85.0
2025-08-26,2025-08-26 09:37:45.000,IO2511-C-4900,86.8,82.4,85.0
2025-08-26,2025-08-26 09:37:47.500,IO2511-C-4900,86.8,82.4,85.0
2025-08-26,2025-08-26 09:37:54.500,IO2511-C-4900,86.8,82.4,85.0
2025-08-26,2025-08-26 09:37:55.500,IO2511-C-4900,86.8,82.4,85.0
2025-08-26,2025-08-26 09:38:02.500,IO2511-C-4900,86.8,82.2,85.0
2025-08-26,2025-08-26 09:38:03.000,IO2511-C-4900,86.8,82.2,85.0
2025-08-26,2025-08-26 09:38:04.000,IO2511-C-4900,86.8,82.2,85.0
2025-08-26,2025-08-26 09:38:06.000,IO2511-C-4900,86.8,82.2,85.2
2025-08-26,2025-08-26 09:38:06.500,IO2511-C-4900,86.8,82.2,85.2
2025-08-26,2025-08-26 09:38:08.000,IO2511-C-4900,86.8,82.2,85.2
2025-08-26,2025-08-26 09:38:09.500,IO2511-C-4900,86.8,82.0,85.2
2025-08-26,2025-08-26 09:38:10.000,IO2511-C-4900,86.8,81.8,85.2
2025-08-26,2025-08-26 09:38:10.500,IO2511-C-4900,86.8,81.8,85.2
2025-08-26,2025-08-26 09:38:11.500,IO2511-C-4900,86.8,81.6,85.2
2025-08-26,2025-08-26 09:38:12.000,IO2511-C-4900,86.8,81.6,85.2
2025-08-26,2025-08-26 09:38:12.500,IO2511-C-4900,86.8,81.6,85.2
2025-08-26,2025-08-26 09:38:13.000,IO2511-C-4900,86.8,81.6,85.2
2025-08-26,2025-08-26 09:38:16.000,IO2511-C-4900,86.8,81.6,85.2
2025-08-26,2025-08-26 09:38:16.500,IO2511-C-4900,86.8,81.6,85.2
2025-08-26,2025-08-26 09:38:17.000,IO2511-C-4900,86.8,81.6,85.2
2025-08-26,2025-08-26 09:38:17.500,IO2511-C-4900,86.8,81.6,85.2
2025-08-26,2025-08-26 09:38:18.000,IO2511-C-4900,86.8,81.6,85.2
2025-08-26,2025-08-26 09:38:18.500,IO2511-C-4900,86.8,81.8,85.0
2025-08-26,2025-08-26 09:38:19.000,IO2511-C-4900,86.8,81.8,85.0
2025-08-26,2025-08-26 09:38:19.500,IO2511-C-4900,86.8,81.8,85.0
2025-08-26,2025-08-26 09:38:20.000,IO2511-C-4900,86.8,81.8,85.0
2025-08-26,2025-08-26 09:38:20.500,IO2511-C-4900,86.8,81.8,85.0
2025-08-26,2025-08-26 09:38:22.500,IO2511-C-4900,86.8,81.6,84.8
2025-08-26,2025-08-26 09:38:23.000,IO2511-C-4900,86.8,81.6,84.8
2025-08-26,2025-08-26 09:38:23.500,IO2511-C-4900,86.8,81.6,84.8
2025-08-26,2025-08-26 09:38:24.000,IO2511-C-4900,86.8,81.6,84.8
2025-08-26,2025-08-26 09:38:24.500,IO2511-C-4900,86.8,81.6,84.8
2025-08-26,2025-08-26 09:38:26.000,IO2511-C-4900,86.8,81.4,84.8
2025-08-26,2025-08-26 09:38:26.500,IO2511-C-4900,86.8,81.4,84.8
2025-08-26,2025-08-26 09:38:27.000,IO2511-C-4900,86.8,81.4,84.8
2025-08-26,2025-08-26 09:38:27.500,IO2511-C-4900,86.8,81.6,84.8
2025-08-26,2025-08-26 09:38:28.000,IO2511-C-4900,86.8,81.6,84.8
2025-08-26,2025-08-26 09:38:41.500,IO2511-C-4900,86.8,81.6,84.8
2025-08-26,2025-08-26 09:38:52.000,IO2511-C-4900,86.8,81.4,84.8
2025-08-26,2025-08-26 09:38:52.500,IO2511-C-4900,86.8,81.4,84.8
2025-08-26,2025-08-26 09:38:53.500,IO2511-C-4900,86.8,81.4,84.8
2025-08-26,2025-08-26 09:38:54.000,IO2511-C-4900,86.8,81.4,84.8
2025-08-26,2025-08-26 09:38:55.000,IO2511-C-4900,86.8,81.6,84.8
2025-08-26,2025-08-26 09:38:57.000,IO2511-C-4900,86.8,81.6,84.8
2025-08-26,2025-08-26 09:38:57.500,IO2511-C-4900,86.8,81.6,84.8
2025-08-26,2025-08-26 09:38:58.500,IO2511-C-4900,86.8,81.6,84.8
2025-08-26,2025-08-26 09:38:59.000,IO2511-C-4900,86.8,81.6,84.8
2025-08-26,2025-08-26 09:39:03.000,IO2511-C-4900,86.8,81.6,84.8
2025-08-26,2025-08-26 09:39:03.500,IO2511-C-4900,86.8,81.6,84.8
2025-08-26,2025-08-26 09:39:08.000,IO2511-C-4900,86.8,81.6,84.8
2025-08-26,2025-08-26 09:39:08.500,IO2511-C-4900,86.8,81.6,84.8
2025-08-26,2025-08-26 09:39:09.000,IO2511-C-4900,86.8,81.6,84.8
2025-08-26,2025-08-26 09:39:09.500,IO2511-C-4900,86.8,81.6,84.8
2025-08-26,2025-08-26 09:39:13.500,IO2511-C-4900,86.8,81.8,84.8
2025-08-26,2025-08-26 09:39:14.000,IO2511-C-4900,86.8,81.8,84.8
2025-08-26,2025-08-26 09:39:14.500,IO2511-C-4900,86.8,82.0,84.8
2025-08-26,2025-08-26 09:39:15.000,IO2511-C-4900,86.8,82.0,84.8
2025-08-26,2025-08-26 09:39:19.000,IO2511-C-4900,86.8,82.0,84.8
2025-08-26,2025-08-26 09:39:19.500,IO2511-C-4900,86.8,82.0,84.8
2025-08-26,2025-08-26 09:39:22.500,IO2511-C-4900,86.8,82.0,84.8
2025-08-26,2025-08-26 09:39:23.000,IO2511-C-4900,86.8,82.0,84.8
2025-08-26,2025-08-26 09:39:24.000,IO2511-C-4900,86.8,82.2,84.8
2025-08-26,2025-08-26 09:39:24.500,IO2511-C-4900,86.8,82.2,84.8
2025-08-26,2025-08-26 09:39:25.000,IO2511-C-4900,86.8,82.2,84.8
2025-08-26,2025-08-26 09:39:26.500,IO2511-C-4900,86.8,82.2,84.8
2025-08-26,2025-08-26 09:39:30.000,IO2511-C-4900,86.8,82.2,84.8
2025-08-26,2025-08-26 09:39:31.500,IO2511-C-4900,86.8,82.2,84.8
2025-08-26,2025-08-26 09:39:34.500,IO2511-C-4900,86.8,82.2,84.8
2025-08-26,2025-08-26 09:39:38.000,IO2511-C-4900,86.8,82.2,84.8
2025-08-26,2025-08-26 09:39:42.000,IO2511-C-4900,86.8,82.2,84.8
2025-08-26,2025-08-26 09:39:59.000,IO2511-C-4900,86.8,82.2,84.8
2025-08-26,2025-08-26 09:40:02.500,IO2511-C-4900,86.8,82.2,84.8
2025-08-26,2025-08-26 09:40:03.500,IO2511-C-4900,86.8,82.2,84.8
2025-08-26,2025-08-26 09:40:04.000,IO2511-C-4900,86.8,82.0,84.8
2025-08-26,2025-08-26 09:40:04.500,IO2511-C-4900,86.8,82.0,84.8
2025-08-26,2025-08-26 09:40:05.500,IO2511-C-4900,86.8,82.0,84.8
2025-08-26,2025-08-26 09:40:09.000,IO2511-C-4900,86.8,82.0,84.8
2025-08-26,2025-08-26 09:40:09.500,IO2511-C-4900,86.8,82.0,84.8
2025-08-26,2025-08-26 09:40:12.000,IO2511-C-4900,86.8,82.0,84.8
2025-08-26,2025-08-26 09:40:12.500,IO2511-C-4900,86.8,82.0,84.8
2025-08-26,2025-08-26 09:40:18.500,IO2511-C-4900,86.8,81.8,84.8
2025-08-26,2025-08-26 09:40:19.000,IO2511-C-4900,86.8,81.8,84.8
2025-08-26,2025-08-26 09:40:21.000,IO2511-C-4900,86.8,81.8,84.8
2025-08-26,2025-08-26 09:40:23.500,IO2511-C-4900,86.8,82.0,84.8
2025-08-26,2025-08-26 09:40:24.000,IO2511-C-4900,86.8,82.0,84.8
2025-08-26,2025-08-26 09:40:27.500,IO2511-C-4900,86.8,82.0,84.8
2025-08-26,2025-08-26 09:40:28.500,IO2511-C-4900,86.8,81.8,84.8
2025-08-26,2025-08-26 09:40:29.000,IO2511-C-4900,86.8,81.8,84.8
2025-08-26,2025-08-26 09:40:31.000,IO2511-C-4900,86.8,81.8,84.8
2025-08-26,2025-08-26 09:40:31.500,IO2511-C-4900,86.8,81.6,84.8
2025-08-26,2025-08-26 09:40:32.000,IO2511-C-4900,86.8,81.6,84.8
2025-08-26,2025-08-26 09:40:32.500,IO2511-C-4900,86.8,81.6,84.8
2025-08-26,2025-08-26 09:40:33.000,IO2511-C-4900,86.8,81.6,84.8
2025-08-26,2025-08-26 09:40:34.500,IO2511-C-4900,86.8,81.6,84.8
2025-08-26,2025-08-26 09:40:35.000,IO2511-C-4900,86.8,81.6,84.8
2025-08-26,2025-08-26 09:40:36.500,IO2511-C-4900,86.8,81.6,84.8
2025-08-26,2025-08-26 09:40:37.000,IO2511-C-4900,86.8,81.6,84.8
2025-08-26,2025-08-26 09:40:39.000,IO2511-C-4900,86.8,81.6,84.8
2025-08-26,2025-08-26 09:40:45.500,IO2511-C-4900,86.8,81.6,84.8
2025-08-26,2025-08-26 09:40:46.000,IO2511-C-4900,86.8,81.6,84.8
2025-08-26,2025-08-26 09:41:00.500,IO2511-C-4900,86.8,81.2,84.8
2025-08-26,2025-08-26 09:41:01.000,IO2511-C-4900,86.8,81.2,84.8
2025-08-26,2025-08-26 09:41:01.500,IO2511-C-4900,86.8,81.2,84.8
2025-08-26,2025-08-26 09:41:02.000,IO2511-C-4900,86.8,81.2,84.8
2025-08-26,2025-08-26 09:41:02.500,IO2511-C-4900,86.8,81.2,84.8
2025-08-26,2025-08-26 09:41:04.000,IO2511-C-4900,86.8,81.4,84.2
2025-08-26,2025-08-26 09:41:04.500,IO2511-C-4900,86.8,81.4,84.0
2025-08-26,2025-08-26 09:41:05.000,IO2511-C-4900,86.8,81.4,84.0
2025-08-26,2025-08-26 09:41:05.500,IO2511-C-4900,86.8,81.4,84.0
2025-08-26,2025-08-26 09:41:06.000,IO2511-C-4900,86.8,81.4,84.0
2025-08-26,2025-08-26 09:41:07.500,IO2511-C-4900,86.8,81.6,83.8
2025-08-26,2025-08-26 09:41:08.000,IO2511-C-4900,86.8,81.6,83.8
2025-08-26,2025-08-26 09:41:09.500,IO2511-C-4900,86.8,81.6,83.8
2025-08-26,2025-08-26 09:41:10.000,IO2511-C-4900,86.8,81.6,83.8
2025-08-26,2025-08-26 09:41:12.000,IO2511-C-4900,86.8,81.6,83.8
2025-08-26,2025-08-26 09:41:14.000,IO2511-C-4900,86.8,81.6,84.0
2025-08-26,2025-08-26 09:41:14.500,IO2511-C-4900,86.8,81.6,84.0
2025-08-26,2025-08-26 09:41:15.000,IO2511-C-4900,86.8,81.6,84.0
2025-08-26,2025-08-26 09:41:18.500,IO2511-C-4900,86.8,81.6,84.0
2025-08-26,2025-08-26 09:41:19.000,IO2511-C-4900,86.8,81.6,84.0
2025-08-26,2025-08-26 09:41:27.500,IO2511-C-4900,86.8,81.6,84.0
2025-08-26,2025-08-26 09:41:33.500,IO2511-C-4900,86.8,81.6,84.0
2025-08-26,2025-08-26 09:41:34.000,IO2511-C-4900,86.8,81.6,84.0
2025-08-26,2025-08-26 09:41:34.500,IO2511-C-4900,86.8,81.6,84.0
2025-08-26,2025-08-26 09:41:35.000,IO2511-C-4900,86.8,81.6,84.0
2025-08-26,2025-08-26 09:41:37.000,IO2511-C-4900,86.8,81.6,84.0
2025-08-26,2025-08-26 09:41:37.500,IO2511-C-4900,86.8,81.6,84.0
2025-08-26,2025-08-26 09:41:38.000,IO2511-C-4900,86.8,81.6,84.0
2025-08-26,2025-08-26 09:41:38.500,IO2511-C-4900,86.8,81.8,84.0
2025-08-26,2025-08-26 09:41:39.000,IO2511-C-4900,86.8,81.8,84.0
2025-08-26,2025-08-26 09:41:39.500,IO2511-C-4900,86.8,81.8,84.0
2025-08-26,2025-08-26 09:41:42.000,IO2511-C-4900,86.8,81.8,84.0
2025-08-26,2025-08-26 09:41:43.000,IO2511-C-4900,86.8,81.8,84.0
2025-08-26,2025-08-26 09:41:47.000,IO2511-C-4900,86.8,81.8,84.0
2025-08-26,2025-08-26 09:41:48.500,IO2511-C-4900,86.8,81.8,84.0
2025-08-26,2025-08-26 09:41:54.500,IO2511-C-4900,86.8,82.0,84.0
2025-08-26,2025-08-26 09:41:55.000,IO2511-C-4900,86.8,82.0,84.0
2025-08-26,2025-08-26 09:41:57.000,IO2511-C-4900,86.8,82.0,84.0
2025-08-26,2025-08-26 09:42:00.000,IO2511-C-4900,86.8,82.2,84.2
2025-08-26,2025-08-26 09:42:00.500,IO2511-C-4900,86.8,82.2,84.2
2025-08-26,2025-08-26 09:42:01.000,IO2511-C-4900,86.8,82.2,84.2
2025-08-26,2025-08-26 09:42:01.500,IO2511-C-4900,86.8,82.2,84.2
2025-08-26,2025-08-26 09:42:04.500,IO2511-C-4900,86.8,82.2,84.2
2025-08-26,2025-08-26 09:42:08.500,IO2511-C-4900,86.8,82.2,84.2
2025-08-26,2025-08-26 09:42:14.000,IO2511-C-4900,86.8,82.2,84.4
2025-08-26,2025-08-26 09:42:14.500,IO2511-C-4900,86.8,82.2,84.4
2025-08-26,2025-08-26 09:42:15.000,IO2511-C-4900,86.8,82.2,84.4
2025-08-26,2025-08-26 09:42:18.000,IO2511-C-4900,86.8,82.2,84.4
2025-08-26,2025-08-26 09:42:18.500,IO2511-C-4900,86.8,82.2,84.4
2025-08-26,2025-08-26 09:42:30.500,IO2511-C-4900,86.8,82.4,84.6
2025-08-26,2025-08-26 09:42:31.000,IO2511-C-4900,86.8,82.4,84.6
2025-08-26,2025-08-26 09:42:31.500,IO2511-C-4900,86.8,82.4,84.6
2025-08-26,2025-08-26 09:42:32.500,IO2511-C-4900,86.8,82.4,84.6
2025-08-26,2025-08-26 09:42:33.000,IO2511-C-4900,86.8,82.4,84.6
2025-08-26,2025-08-26 09:42:35.000,IO2511-C-4900,86.8,82.4,84.8
2025-08-26,2025-08-26 09:42:35.500,IO2511-C-4900,86.8,82.4,84.8
2025-08-26,2025-08-26 09:42:36.000,IO2511-C-4900,86.8,82.4,84.8
2025-08-26,2025-08-26 09:42:38.000,IO2511-C-4900,86.8,82.4,84.8
2025-08-26,2025-08-26 09:42:47.000,IO2511-C-4900,86.8,82.4,85.0
2025-08-26,2025-08-26 09:42:47.500,IO2511-C-4900,86.8,82.4,85.0
2025-08-26,2025-08-26 09:42:49.500,IO2511-C-4900,86.8,82.4,85.0
2025-08-26,2025-08-26 09:42:50.000,IO2511-C-4900,86.8,82.4,85.0
2025-08-26,2025-08-26 09:42:51.000,IO2511-C-4900,86.8,82.4,85.0
2025-08-26,2025-08-26 09:42:51.500,IO2511-C-4900,86.8,82.4,85.2
2025-08-26,2025-08-26 09:42:52.000,IO2511-C-4900,86.8,82.4,85.2
2025-08-26,2025-08-26 09:42:52.500,IO2511-C-4900,86.8,82.4,85.4
2025-08-26,2025-08-26 09:42:53.000,IO2511-C-4900,86.8,82.4,85.4
2025-08-26,2025-08-26 09:42:53.500,IO2511-C-4900,86.8,82.4,85.4
2025-08-26,2025-08-26 09:42:57.000,IO2511-C-4900,86.8,82.6,85.4
2025-08-26,2025-08-26 09:42:57.500,IO2511-C-4900,86.8,82.6,85.4
2025-08-26,2025-08-26 09:42:58.000,IO2511-C-4900,86.8,82.6,85.4
2025-08-26,2025-08-26 09:43:00.500,IO2511-C-4900,86.8,82.8,85.4
2025-08-26,2025-08-26 09:43:01.000,IO2511-C-4900,86.8,82.8,85.4
2025-08-26,2025-08-26 09:43:01.500,IO2511-C-4900,86.8,82.8,85.4
2025-08-26,2025-08-26 09:43:02.500,IO2511-C-4900,86.8,82.8,85.4
2025-08-26,2025-08-26 09:43:03.000,IO2511-C-4900,86.8,82.8,85.4
2025-08-26,2025-08-26 09:43:03.500,IO2511-C-4900,86.8,82.8,85.4
2025-08-26,2025-08-26 09:43:04.000,IO2511-C-4900,86.8,82.8,85.4
2025-08-26,2025-08-26 09:43:07.000,IO2511-C-4900,86.8,83.0,85.6
2025-08-26,2025-08-26 09:43:07.500,IO2511-C-4900,86.8,83.0,85.6
2025-08-26,2025-08-26 09:43:08.000,IO2511-C-4900,86.8,83.0,85.6
2025-08-26,2025-08-26 09:43:08.500,IO2511-C-4900,86.8,83.0,85.6
2025-08-26,2025-08-26 09:43:12.000,IO2511-C-4900,86.8,83.0,85.6
2025-08-26,2025-08-26 09:43:12.500,IO2511-C-4900,86.8,83.2,85.8
2025-08-26,2025-08-26 09:43:13.000,IO2511-C-4900,86.8,83.2,85.8
2025-08-26,2025-08-26 09:43:13.500,IO2511-C-4900,86.8,83.2,85.8
2025-08-26,2025-08-26 09:43:14.000,IO2511-C-4900,86.8,83.2,85.8
2025-08-26,2025-08-26 09:43:17.000,IO2511-C-4900,86.8,83.2,86.0
2025-08-26,2025-08-26 09:43:17.500,IO2511-C-4900,86.8,83.2,86.0
2025-08-26,2025-08-26 09:43:18.000,IO2511-C-4900,86.8,83.2,86.0
2025-08-26,2025-08-26 09:43:19.000,IO2511-C-4900,86.8,83.2,86.0
2025-08-26,2025-08-26 09:43:19.500,IO2511-C-4900,86.8,83.2,86.0
2025-08-26,2025-08-26 09:43:24.500,IO2511-C-4900,86.8,83.2,86.0
2025-08-26,2025-08-26 09:43:25.000,IO2511-C-4900,86.8,83.2,86.0
2025-08-26,2025-08-26 09:43:28.000,IO2511-C-4900,86.8,83.2,86.0
2025-08-26,2025-08-26 09:43:33.500,IO2511-C-4900,86.8,83.2,86.0
2025-08-26,2025-08-26 09:43:34.000,IO2511-C-4900,86.8,83.6,86.2
2025-08-26,2025-08-26 09:43:34.500,IO2511-C-4900,86.8,83.6,86.2
2025-08-26,2025-08-26 09:43:35.000,IO2511-C-4900,86.8,83.6,86.2
2025-08-26,2025-08-26 09:43:37.000,IO2511-C-4900,86.8,83.8,86.2
2025-08-26,2025-08-26 09:43:37.500,IO2511-C-4900,86.8,83.8,86.2
2025-08-26,2025-08-26 09:43:38.000,IO2511-C-4900,86.8,83.8,86.2
2025-08-26,2025-08-26 09:43:38.500,IO2511-C-4900,86.8,83.8,86.2
2025-08-26,2025-08-26 09:43:39.000,IO2511-C-4900,86.8,83.8,86.2
2025-08-26,2025-08-26 09:43:41.000,IO2511-C-4900,86.8,83.8,86.4
2025-08-26,2025-08-26 09:43:41.500,IO2511-C-4900,86.8,83.8,86.4
2025-08-26,2025-08-26 09:43:42.000,IO2511-C-4900,86.8,83.8,86.6
2025-08-26,2025-08-26 09:43:42.500,IO2511-C-4900,86.8,83.8,86.6
2025-08-26,2025-08-26 09:43:43.000,IO2511-C-4900,86.8,83.8,86.6
2025-08-26,2025-08-26 09:43:45.000,IO2511-C-4900,86.8,83.8,86.6
2025-08-26,2025-08-26 09:43:46.500,IO2511-C-4900,86.8,83.8,86.6
2025-08-26,2025-08-26 09:43:47.000,IO2511-C-4900,86.8,83.8,86.6
2025-08-26,2025-08-26 09:43:47.500,IO2511-C-4900,86.8,83.8,86.6
2025-08-26,2025-08-26 09:43:48.000,IO2511-C-4900,86.8,83.8,86.6
2025-08-26,2025-08-26 09:43:50.000,IO2511-C-4900,86.8,83.8,86.6
2025-08-26,2025-08-26 09:43:50.500,IO2511-C-4900,86.8,83.8,86.6
2025-08-26,2025-08-26 09:43:52.500,IO2511-C-4900,86.8,83.8,86.6
2025-08-26,2025-08-26 09:43:55.000,IO2511-C-4900,86.8,83.8,86.6
2025-08-26,2025-08-26 09:44:03.000,IO2511-C-4900,86.8,83.8,86.6
2025-08-26,2025-08-26 09:44:04.500,IO2511-C-4900,86.8,83.8,86.6
2025-08-26,2025-08-26 09:44:20.500,IO2511-C-4900,86.8,83.8,86.6
2025-08-26,2025-08-26 09:44:27.000,IO2511-C-4900,86.8,83.8,86.6
2025-08-26,2025-08-26 09:44:27.500,IO2511-C-4900,86.8,83.8,86.6
2025-08-26,2025-08-26 09:44:33.500,IO2511-C-4900,86.8,83.8,86.6
2025-08-26,2025-08-26 09:44:49.000,IO2511-C-4900,86.8,83.8,86.6
2025-08-26,2025-08-26 09:45:00.000,IO2511-C-4900,86.8,83.8,86.6
2025-08-26,2025-08-26 09:45:00.500,IO2511-C-4900,86.8,83.8,86.6
2025-08-26,2025-08-26 09:45:04.500,IO2511-C-4900,86.8,83.8,86.6
2025-08-26,2025-08-26 09:45:06.500,IO2511-C-4900,86.8,83.8,86.6
2025-08-26,2025-08-26 09:45:07.000,IO2511-C-4900,86.8,83.8,86.6
2025-08-26,2025-08-26 09:45:12.500,IO2511-C-4900,86.8,83.8,86.6
2025-08-26,2025-08-26 09:45:14.500,IO2511-C-4900,86.8,83.8,86.4
2025-08-26,2025-08-26 09:45:15.000,IO2511-C-4900,86.8,83.8,86.4
2025-08-26,2025-08-26 09:45:15.500,IO2511-C-4900,86.8,83.8,86.4
2025-08-26,2025-08-26 09:45:26.500,IO2511-C-4900,86.8,83.8,86.4
2025-08-26,2025-08-26 09:45:32.500,IO2511-C-4900,86.8,83.8,86.2
2025-08-26,2025-08-26 09:45:33.000,IO2511-C-4900,86.8,83.8,86.2
2025-08-26,2025-08-26 09:45:35.000,IO2511-C-4900,86.8,83.8,86.2
2025-08-26,2025-08-26 09:45:45.500,IO2511-C-4900,86.8,83.8,86.2
2025-08-26,2025-08-26 09:45:50.000,IO2511-C-4900,86.8,83.8,86.2
2025-08-26,2025-08-26 09:45:55.500,IO2511-C-4900,86.8,83.8,86.2
2025-08-26,2025-08-26 09:46:00.000,IO2511-C-4900,86.8,83.8,86.2
2025-08-26,2025-08-26 09:46:00.500,IO2511-C-4900,86.8,83.8,86.2
2025-08-26,2025-08-26 09:46:02.000,IO2511-C-4900,86.8,83.8,86.4
2025-08-26,2025-08-26 09:46:02.500,IO2511-C-4900,86.8,83.8,86.6
2025-08-26,2025-08-26 09:46:03.000,IO2511-C-4900,86.8,83.8,86.6
2025-08-26,2025-08-26 09:46:03.500,IO2511-C-4900,86.8,83.8,86.6
2025-08-26,2025-08-26 09:46:04.000,IO2511-C-4900,86.8,83.8,86.6
2025-08-26,2025-08-26 09:46:05.000,IO2511-C-4900,86.8,83.8,86.4
2025-08-26,2025-08-26 09:46:05.500,IO2511-C-4900,86.8,83.8,86.4
2025-08-26,2025-08-26 09:46:08.500,IO2511-C-4900,86.8,83.8,86.6
2025-08-26,2025-08-26 09:46:09.000,IO2511-C-4900,86.8,83.8,86.6
2025-08-26,2025-08-26 09:46:09.500,IO2511-C-4900,86.8,83.8,86.6
2025-08-26,2025-08-26 09:46:11.500,IO2511-C-4900,86.8,83.8,86.6
2025-08-26,2025-08-26 09:46:12.000,IO2511-C-4900,86.8,83.8,86.6
2025-08-26,2025-08-26 09:46:12.500,IO2511-C-4900,86.8,83.8,86.6
2025-08-26,2025-08-26 09:46:14.000,IO2511-C-4900,86.8,83.8,86.6
2025-08-26,2025-08-26 09:46:14.500,IO2511-C-4900,86.8,83.8,86.6
2025-08-26,2025-08-26 09:46:16.500,IO2511-C-4900,86.8,83.8,86.6
2025-08-26,2025-08-26 09:46:17.000,IO2511-C-4900,86.8,83.8,86.6
2025-08-26,2025-08-26 09:46:17.500,IO2511-C-4900,86.8,83.8,86.6
2025-08-26,2025-08-26 09:46:18.000,IO2511-C-4900,86.8,83.8,86.6
2025-08-26,2025-08-26 09:46:20.000,IO2511-C-4900,86.8,83.8,86.6
2025-08-26,2025-08-26 09:46:21.000,IO2511-C-4900,86.8,83.8,86.6
2025-08-26,2025-08-26 09:46:21.500,IO2511-C-4900,86.8,83.8,86.6
2025-08-26,2025-08-26 09:46:22.500,IO2511-C-4900,86.8,83.8,86.6
2025-08-26,2025-08-26 09:46:23.500,IO2511-C-4900,86.8,83.8,86.6
2025-08-26,2025-08-26 09:46:25.000,IO2511-C-4900,86.8,83.8,86.6
2025-08-26,2025-08-26 09:46:27.500,IO2511-C-4900,86.8,84.2,86.8
2025-08-26,2025-08-26 09:46:28.000,IO2511-C-4900,86.8,84.4,86.8
2025-08-26,2025-08-26 09:46:28.500,IO2511-C-4900,86.8,84.4,86.8
2025-08-26,2025-08-26 09:46:29.000,IO2511-C-4900,86.8,84.4,86.8
2025-08-26,2025-08-26 09:46:30.500,IO2511-C-4900,86.8,84.4,86.8
2025-08-26,2025-08-26 09:46:32.000,IO2511-C-4900,86.8,84.4,87.2
2025-08-26,2025-08-26 09:46:32.500,IO2511-C-4900,86.8,84.4,87.2
2025-08-26,2025-08-26 09:46:33.000,IO2511-C-4900,86.8,84.4,87.2
2025-08-26,2025-08-26 09:46:33.500,IO2511-C-4900,86.8,84.4,87.2
2025-08-26,2025-08-26 09:46:34.500,IO2511-C-4900,86.8,84.4,87.2
2025-08-26,2025-08-26 09:46:35.500,IO2511-C-4900,86.8,84.4,87.2
2025-08-26,2025-08-26 09:46:36.000,IO2511-C-4900,86.8,84.4,87.2
2025-08-26,2025-08-26 09:46:36.500,IO2511-C-4900,86.8,84.4,87.2
2025-08-26,2025-08-26 09:46:38.000,IO2511-C-4900,86.8,84.4,87.2
2025-08-26,2025-08-26 09:46:39.500,IO2511-C-4900,86.8,84.4,87.2
2025-08-26,2025-08-26 09:46:40.000,IO2511-C-4900,86.8,84.4,87.2
2025-08-26,2025-08-26 09:46:40.500,IO2511-C-4900,86.8,84.4,87.2
2025-08-26,2025-08-26 09:46:43.000,IO2511-C-4900,86.8,84.4,87.2
2025-08-26,2025-08-26 09:46:43.500,IO2511-C-4900,86.8,84.8,87.2
2025-08-26,2025-08-26 09:46:44.000,IO2511-C-4900,86.8,85.0,87.4
2025-08-26,2025-08-26 09:46:44.500,IO2511-C-4900,86.8,85.0,87.4
2025-08-26,2025-08-26 09:46:45.000,IO2511-C-4900,86.8,85.0,87.4
2025-08-26,2025-08-26 09:46:46.500,IO2511-C-4900,86.8,85.0,87.4
2025-08-26,2025-08-26 09:46:48.000,IO2511-C-4900,86.8,85.0,87.4
2025-08-26,2025-08-26 09:46:48.500,IO2511-C-4900,86.8,85.0,87.4
2025-08-26,2025-08-26 09:46:51.500,IO2511-C-4900,86.8,85.0,87.4
2025-08-26,2025-08-26 09:46:52.500,IO2511-C-4900,86.8,85.0,87.4
2025-08-26,2025-08-26 09:46:56.500,IO2511-C-4900,86.8,85.0,87.4
2025-08-26,2025-08-26 09:47:03.000,IO2511-C-4900,86.8,85.0,87.4
2025-08-26,2025-08-26 09:47:03.500,IO2511-C-4900,86.8,85.0,87.2
2025-08-26,2025-08-26 09:47:17.000,IO2511-C-4900,86.8,85.0,87.4
2025-08-26,2025-08-26 09:47:19.000,IO2511-C-4900,86.8,85.0,87.4
2025-08-26,2025-08-26 09:47:19.500,IO2511-C-4900,86.8,85.0,87.6
2025-08-26,2025-08-26 09:47:20.000,IO2511-C-4900,86.8,85.0,87.6
2025-08-26,2025-08-26 09:47:20.500,IO2511-C-4900,86.8,85.0,87.8
2025-08-26,2025-08-26 09:47:21.000,IO2511-C-4900,86.8,85.0,87.8
2025-08-26,2025-08-26 09:47:25.000,IO2511-C-4900,86.8,85.0,87.8
2025-08-26,2025-08-26 09:47:25.500,IO2511-C-4900,86.8,85.0,87.8
2025-08-26,2025-08-26 09:47:29.500,IO2511-C-4900,86.8,85.0,87.8
2025-08-26,2025-08-26 09:47:30.000,IO2511-C-4900,86.8,85.0,87.8
2025-08-26,2025-08-26 09:47:41.500,IO2511-C-4900,86.8,85.0,87.8
2025-08-26,2025-08-26 09:47:50.500,IO2511-C-4900,86.8,85.0,87.6
2025-08-26,2025-08-26 09:47:51.000,IO2511-C-4900,86.8,85.0,87.6
2025-08-26,2025-08-26 09:47:51.500,IO2511-C-4900,86.8,85.0,87.6
2025-08-26,2025-08-26 09:47:52.000,IO2511-C-4900,86.8,85.0,87.6
2025-08-26,2025-08-26 09:47:52.500,IO2511-C-4900,86.8,85.0,87.6
2025-08-26,2025-08-26 09:47:58.500,IO2511-C-4900,86.8,85.0,87.4
2025-08-26,2025-08-26 09:47:59.000,IO2511-C-4900,86.8,85.0,87.4
2025-08-26,2025-08-26 09:47:59.500,IO2511-C-4900,86.8,85.0,87.4
2025-08-26,2025-08-26 09:48:00.500,IO2511-C-4900,86.8,85.0,87.4
2025-08-26,2025-08-26 09:48:02.500,IO2511-C-4900,86.8,85.0,87.4
2025-08-26,2025-08-26 09:48:07.500,IO2511-C-4900,86.8,85.0,87.4
2025-08-26,2025-08-26 09:48:12.000,IO2511-C-4900,86.8,85.0,87.4
2025-08-26,2025-08-26 09:48:15.000,IO2511-C-4900,86.8,85.0,87.4
2025-08-26,2025-08-26 09:48:15.500,IO2511-C-4900,86.8,85.0,87.4
2025-08-26,2025-08-26 09:48:18.000,IO2511-C-4900,86.8,85.0,87.4
2025-08-26,2025-08-26 09:48:18.500,IO2511-C-4900,86.8,85.0,87.4
2025-08-26,2025-08-26 09:48:20.500,IO2511-C-4900,86.8,85.0,87.6
2025-08-26,2025-08-26 09:48:21.000,IO2511-C-4900,86.8,85.0,87.6
2025-08-26,2025-08-26 09:48:26.000,IO2511-C-4900,86.8,85.0,87.8
2025-08-26,2025-08-26 09:48:26.500,IO2511-C-4900,86.8,85.0,87.8
2025-08-26,2025-08-26 09:48:30.500,IO2511-C-4900,86.8,85.0,87.8
2025-08-26,2025-08-26 09:48:31.000,IO2511-C-4900,86.8,85.0,87.8
2025-08-26,2025-08-26 09:48:33.000,IO2511-C-4900,86.8,85.0,87.8
2025-08-26,2025-08-26 09:48:33.500,IO2511-C-4900,86.8,85.0,87.8
2025-08-26,2025-08-26 09:48:34.000,IO2511-C-4900,86.8,85.0,87.8
2025-08-26,2025-08-26 09:48:38.000,IO2511-C-4900,86.8,85.2,87.6
2025-08-26,2025-08-26 09:48:38.500,IO2511-C-4900,86.8,85.2,87.6
2025-08-26,2025-08-26 09:48:39.500,IO2511-C-4900,86.8,85.2,87.6
2025-08-26,2025-08-26 09:48:52.500,IO2511-C-4900,86.8,85.2,87.6
2025-08-26,2025-08-26 09:48:56.000,IO2511-C-4900,86.8,85.2,87.6
2025-08-26,2025-08-26 09:49:00.500,IO2511-C-4900,86.8,85.2,87.6
2025-08-26,2025-08-26 09:49:04.500,IO2511-C-4900,86.8,85.2,87.6
2025-08-26,2025-08-26 09:49:11.000,IO2511-C-4900,86.8,85.0,87.8
2025-08-26,2025-08-26 09:49:11.500,IO2511-C-4900,86.8,85.0,87.8
2025-08-26,2025-08-26 09:49:13.500,IO2511-C-4900,86.8,85.2,87.6
2025-08-26,2025-08-26 09:49:14.000,IO2511-C-4900,86.8,85.2,87.6
2025-08-26,2025-08-26 09:49:26.500,IO2511-C-4900,86.8,85.2,87.6
2025-08-26,2025-08-26 09:49:31.000,IO2511-C-4900,86.8,85.2,87.6
2025-08-26,2025-08-26 09:49:38.000,IO2511-C-4900,86.8,85.2,87.6
2025-08-26,2025-08-26 09:49:44.000,IO2511-C-4900,86.8,85.2,87.6
2025-08-26,2025-08-26 09:49:46.500,IO2511-C-4900,86.8,85.2,87.6
2025-08-26,2025-08-26 09:49:53.000,IO2511-C-4900,86.8,85.2,87.6
2025-08-26,2025-08-26 09:49:56.000,IO2511-C-4900,86.8,85.2,87.6
2025-08-26,2025-08-26 09:50:01.000,IO2511-C-4900,86.8,85.2,87.6
2025-08-26,2025-08-26 09:50:01.500,IO2511-C-4900,86.8,85.2,87.6
2025-08-26,2025-08-26 09:50:03.500,IO2511-C-4900,86.8,85.4,87.8
2025-08-26,2025-08-26 09:50:04.000,IO2511-C-4900,86.8,85.4,87.8
2025-08-26,2025-08-26 09:50:04.500,IO2511-C-4900,86.8,85.4,87.8
2025-08-26,2025-08-26 09:50:05.000,IO2511-C-4900,86.8,85.4,87.8
2025-08-26,2025-08-26 09:50:05.500,IO2511-C-4900,86.8,85.4,87.8
2025-08-26,2025-08-26 09:50:17.000,IO2511-C-4900,86.8,85.4,87.8
2025-08-26,2025-08-26 09:50:17.500,IO2511-C-4900,86.8,85.4,87.8
2025-08-26,2025-08-26 09:50:20.500,IO2511-C-4900,86.8,85.4,87.8
2025-08-26,2025-08-26 09:50:21.000,IO2511-C-4900,86.8,85.4,87.8
2025-08-26,2025-08-26 09:50:21.500,IO2511-C-4900,86.8,85.4,87.8
2025-08-26,2025-08-26 09:50:23.000,IO2511-C-4900,86.8,85.4,87.8
2025-08-26,2025-08-26 09:50:26.000,IO2511-C-4900,86.8,85.4,88.0
2025-08-26,2025-08-26 09:50:26.500,IO2511-C-4900,86.8,85.4,88.0
2025-08-26,2025-08-26 09:50:28.000,IO2511-C-4900,86.8,85.4,88.0
2025-08-26,2025-08-26 09:50:30.500,IO2511-C-4900,86.8,85.4,88.0
2025-08-26,2025-08-26 09:50:32.500,IO2511-C-4900,86.8,85.4,88.0
2025-08-26,2025-08-26 09:50:38.500,IO2511-C-4900,86.8,85.4,88.0
2025-08-26,2025-08-26 09:50:41.000,IO2511-C-4900,86.8,85.4,88.0
2025-08-26,2025-08-26 09:50:50.500,IO2511-C-4900,86.8,85.4,88.0
2025-08-26,2025-08-26 09:50:53.000,IO2511-C-4900,86.8,85.6,87.8
2025-08-26,2025-08-26 09:50:53.500,IO2511-C-4900,86.8,85.6,87.8
2025-08-26,2025-08-26 09:50:54.000,IO2511-C-4900,86.8,85.6,87.8
2025-08-26,2025-08-26 09:50:55.000,IO2511-C-4900,86.8,85.6,87.8
2025-08-26,2025-08-26 09:50:59.000,IO2511-C-4900,86.8,85.6,87.8
2025-08-26,2025-08-26 09:51:06.000,IO2511-C-4900,86.8,85.6,87.8
2025-08-26,2025-08-26 09:51:11.000,IO2511-C-4900,86.8,85.6,87.8
2025-08-26,2025-08-26 09:51:11.500,IO2511-C-4900,86.8,85.6,87.8
2025-08-26,2025-08-26 09:51:12.500,IO2511-C-4900,86.8,85.6,87.8
2025-08-26,2025-08-26 09:51:17.500,IO2511-C-4900,86.8,85.6,87.8
2025-08-26,2025-08-26 09:51:18.500,IO2511-C-4900,86.8,85.6,87.8
2025-08-26,2025-08-26 09:51:33.000,IO2511-C-4900,86.8,85.6,87.8
2025-08-26,2025-08-26 09:51:37.500,IO2511-C-4900,86.8,85.6,87.8
2025-08-26,2025-08-26 09:51:38.500,IO2511-C-4900,86.8,85.6,87.8
2025-08-26,2025-08-26 09:51:40.000,IO2511-C-4900,86.8,85.6,87.8
2025-08-26,2025-08-26 09:51:42.000,IO2511-C-4900,86.8,85.6,87.8
2025-08-26,2025-08-26 09:51:46.000,IO2511-C-4900,86.8,85.6,87.8
2025-08-26,2025-08-26 09:51:54.000,IO2511-C-4900,86.8,85.6,87.8
2025-08-26,2025-08-26 09:52:00.000,IO2511-C-4900,86.8,85.6,87.8
2025-08-26,2025-08-26 09:52:03.500,IO2511-C-4900,86.8,85.6,87.8
2025-08-26,2025-08-26 09:52:04.500,IO2511-C-4900,86.8,85.6,87.8
2025-08-26,2025-08-26 09:52:07.500,IO2511-C-4900,86.8,85.6,87.8
2025-08-26,2025-08-26 09:52:09.500,IO2511-C-4900,86.8,85.6,87.8
2025-08-26,2025-08-26 09:52:14.000,IO2511-C-4900,86.8,85.6,87.8
2025-08-26,2025-08-26 09:52:17.500,IO2511-C-4900,86.8,85.6,87.8
2025-08-26,2025-08-26 09:52:18.000,IO2511-C-4900,86.8,85.6,87.8
2025-08-26,2025-08-26 09:52:26.500,IO2511-C-4900,86.8,85.6,87.8
2025-08-26,2025-08-26 09:52:29.500,IO2511-C-4900,86.8,85.6,87.8
2025-08-26,2025-08-26 09:52:31.000,IO2511-C-4900,86.8,85.6,87.8
2025-08-26,2025-08-26 09:52:36.000,IO2511-C-4900,86.8,85.6,87.8
2025-08-26,2025-08-26 09:52:50.500,IO2511-C-4900,86.8,85.6,87.8
2025-08-26,2025-08-26 09:52:51.500,IO2511-C-4900,86.8,85.6,87.8
2025-08-26,2025-08-26 09:53:01.500,IO2511-C-4900,86.8,85.6,87.8
2025-08-26,2025-08-26 09:53:03.500,IO2511-C-4900,86.8,85.6,87.8
2025-08-26,2025-08-26 09:53:06.000,IO2511-C-4900,86.8,85.6,87.8
2025-08-26,2025-08-26 09:53:07.500,IO2511-C-4900,86.8,85.6,87.8
2025-08-26,2025-08-26 09:53:08.000,IO2511-C-4900,86.8,85.6,87.8
2025-08-26,2025-08-26 09:53:09.000,IO2511-C-4900,86.8,85.6,87.8
2025-08-26,2025-08-26 09:53:34.500,IO2511-C-4900,86.8,85.6,88.0
2025-08-26,2025-08-26 09:53:41.000,IO2511-C-4900,86.8,85.6,88.0
2025-08-26,2025-08-26 09:53:44.500,IO2511-C-4900,86.8,85.6,88.2
2025-08-26,2025-08-26 09:53:45.000,IO2511-C-4900,86.8,85.6,88.2
2025-08-26,2025-08-26 09:53:45.500,IO2511-C-4900,86.8,85.6,88.2
2025-08-26,2025-08-26 09:53:46.000,IO2511-C-4900,86.8,85.6,88.2
2025-08-26,2025-08-26 09:53:49.000,IO2511-C-4900,86.8,85.6,88.2
2025-08-26,2025-08-26 09:53:49.500,IO2511-C-4900,86.8,85.6,88.2
2025-08-26,2025-08-26 09:53:53.500,IO2511-C-4900,86.8,85.6,88.2
2025-08-26,2025-08-26 09:53:55.500,IO2511-C-4900,86.8,86.0,88.2
2025-08-26,2025-08-26 09:53:56.000,IO2511-C-4900,86.8,86.0,88.2
2025-08-26,2025-08-26 09:53:56.500,IO2511-C-4900,86.8,86.0,88.2
2025-08-26,2025-08-26 09:53:58.000,IO2511-C-4900,86.8,86.2,88.4
2025-08-26,2025-08-26 09:53:58.500,IO2511-C-4900,86.8,86.2,88.6
2025-08-26,2025-08-26 09:53:59.000,IO2511-C-4900,86.8,86.2,88.6
2025-08-26,2025-08-26 09:53:59.500,IO2511-C-4900,86.8,86.2,88.6
2025-08-26,2025-08-26 09:54:00.000,IO2511-C-4900,86.8,86.2,88.6
2025-08-26,2025-08-26 09:54:00.500,IO2511-C-4900,86.8,86.2,88.8
2025-08-26,2025-08-26 09:54:01.000,IO2511-C-4900,86.8,86.2,88.8
2025-08-26,2025-08-26 09:54:02.000,IO2511-C-4900,86.8,86.2,88.8
2025-08-26,2025-08-26 09:54:04.000,IO2511-C-4900,86.8,86.2,88.8
2025-08-26,2025-08-26 09:54:11.000,IO2511-C-4900,86.8,86.2,88.8
2025-08-26,2025-08-26 09:54:13.000,IO2511-C-4900,86.8,86.2,88.8
2025-08-26,2025-08-26 09:54:14.000,IO2511-C-4900,86.8,86.4,89.0
2025-08-26,2025-08-26 09:54:14.500,IO2511-C-4900,86.8,86.4,89.0
2025-08-26,2025-08-26 09:54:15.000,IO2511-C-4900,86.8,86.4,89.0
2025-08-26,2025-08-26 09:54:16.000,IO2511-C-4900,86.8,86.4,89.0
2025-08-26,2025-08-26 09:54:18.500,IO2511-C-4900,86.8,86.4,89.0
2025-08-26,2025-08-26 09:54:19.000,IO2511-C-4900,86.8,86.4,89.0
2025-08-26,2025-08-26 09:54:19.500,IO2511-C-4900,86.8,86.6,89.0
2025-08-26,2025-08-26 09:54:20.000,IO2511-C-4900,86.8,86.6,89.2
2025-08-26,2025-08-26 09:54:20.500,IO2511-C-4900,86.8,86.6,89.4
2025-08-26,2025-08-26 09:54:21.000,IO2511-C-4900,86.8,86.6,89.4
2025-08-26,2025-08-26 09:54:21.500,IO2511-C-4900,86.8,86.8,89.4
2025-08-26,2025-08-26 09:54:22.000,IO2511-C-4900,86.8,86.8,89.4
2025-08-26,2025-08-26 09:54:22.500,IO2511-C-4900,86.8,86.8,89.4
2025-08-26,2025-08-26 09:54:25.000,IO2511-C-4900,86.8,86.8,89.6
2025-08-26,2025-08-26 09:54:25.500,IO2511-C-4900,86.8,87.0,89.6
2025-08-26,2025-08-26 09:54:26.000,IO2511-C-4900,86.8,87.0,89.6
2025-08-26,2025-08-26 09:54:26.500,IO2511-C-4900,86.8,87.0,89.6
2025-08-26,2025-08-26 09:54:33.000,IO2511-C-4900,86.8,87.0,89.6
2025-08-26,2025-08-26 09:54:34.000,IO2511-C-4900,86.8,87.2,89.8
2025-08-26,2025-08-26 09:54:34.500,IO2511-C-4900,86.8,87.2,89.8
2025-08-26,2025-08-26 09:54:35.000,IO2511-C-4900,86.8,87.2,89.8
2025-08-26,2025-08-26 09:54:38.500,IO2511-C-4900,86.8,87.2,90.0
2025-08-26,2025-08-26 09:54:39.000,IO2511-C-4900,86.8,87.2,90.0
2025-08-26,2025-08-26 09:54:39.500,IO2511-C-4900,86.8,87.2,90.0
2025-08-26,2025-08-26 09:54:46.500,IO2511-C-4900,86.8,87.4,90.2
2025-08-26,2025-08-26 09:54:47.000,IO2511-C-4900,86.8,87.4,90.2
2025-08-26,2025-08-26 09:54:47.500,IO2511-C-4900,86.8,87.4,90.2
2025-08-26,2025-08-26 09:54:51.000,IO2511-C-4900,86.8,87.4,90.2
2025-08-26,2025-08-26 09:54:52.000,IO2511-C-4900,86.8,87.4,90.2
2025-08-26,2025-08-26 09:54:52.500,IO2511-C-4900,86.8,87.4,90.2
2025-08-26,2025-08-26 09:54:54.500,IO2511-C-4900,86.8,87.4,90.2
2025-08-26,2025-08-26 09:54:58.500,IO2511-C-4900,86.8,87.4,90.2
2025-08-26,2025-08-26 09:54:59.000,IO2511-C-4900,86.8,87.4,90.2
2025-08-26,2025-08-26 09:54:59.500,IO2511-C-4900,86.8,87.4,90.2
2025-08-26,2025-08-26 09:55:00.000,IO2511-C-4900,86.8,87.4,90.2
2025-08-26,2025-08-26 09:55:05.500,IO2511-C-4900,86.8,87.4,90.2
2025-08-26,2025-08-26 09:55:06.000,IO2511-C-4900,86.8,87.4,90.2
2025-08-26,2025-08-26 09:55:07.500,IO2511-C-4900,86.8,87.8,90.2
2025-08-26,2025-08-26 09:55:08.000,IO2511-C-4900,86.8,87.8,90.2
2025-08-26,2025-08-26 09:55:08.500,IO2511-C-4900,86.8,87.8,90.2
2025-08-26,2025-08-26 09:55:09.000,IO2511-C-4900,86.8,87.8,90.2
2025-08-26,2025-08-26 09:55:12.000,IO2511-C-4900,86.8,88.0,90.2
2025-08-26,2025-08-26 09:55:12.500,IO2511-C-4900,86.8,88.0,90.2
2025-08-26,2025-08-26 09:55:13.000,IO2511-C-4900,86.8,88.0,90.2
2025-08-26,2025-08-26 09:55:16.500,IO2511-C-4900,86.8,88.0,90.4
2025-08-26,2025-08-26 09:55:17.000,IO2511-C-4900,86.8,88.0,90.4
2025-08-26,2025-08-26 09:55:17.500,IO2511-C-4900,86.8,88.0,90.6
2025-08-26,2025-08-26 09:55:18.000,IO2511-C-4900,86.8,88.0,90.6
2025-08-26,2025-08-26 09:55:18.500,IO2511-C-4900,86.8,88.0,90.6
2025-08-26,2025-08-26 09:55:19.000,IO2511-C-4900,86.8,88.0,90.6
2025-08-26,2025-08-26 09:55:21.000,IO2511-C-4900,86.8,88.0,90.8
2025-08-26,2025-08-26 09:55:21.500,IO2511-C-4900,86.8,88.0,90.8
2025-08-26,2025-08-26 09:55:25.000,IO2511-C-4900,86.8,88.0,90.8
2025-08-26,2025-08-26 09:55:25.500,IO2511-C-4900,86.8,88.0,90.8
2025-08-26,2025-08-26 09:55:35.000,IO2511-C-4900,86.8,88.0,90.8
2025-08-26,2025-08-26 09:55:35.500,IO2511-C-4900,86.8,88.0,90.8
2025-08-26,2025-08-26 09:55:44.000,IO2511-C-4900,86.8,88.0,90.8
2025-08-26,2025-08-26 09:55:44.500,IO2511-C-4900,86.8,88.0,90.8
2025-08-26,2025-08-26 09:55:56.500,IO2511-C-4900,86.8,88.4,90.8
2025-08-26,2025-08-26 09:55:57.000,IO2511-C-4900,86.8,88.4,90.8
2025-08-26,2025-08-26 09:55:57.500,IO2511-C-4900,86.8,88.4,90.8
2025-08-26,2025-08-26 09:56:00.000,IO2511-C-4900,86.8,88.4,90.8
2025-08-26,2025-08-26 09:56:06.000,IO2511-C-4900,86.8,88.4,90.8
2025-08-26,2025-08-26 09:56:07.000,IO2511-C-4900,86.8,88.4,90.8
2025-08-26,2025-08-26 09:56:17.000,IO2511-C-4900,86.8,88.6,91.0
2025-08-26,2025-08-26 09:56:17.500,IO2511-C-4900,86.8,88.6,91.0
2025-08-26,2025-08-26 09:56:18.000,IO2511-C-4900,86.8,88.6,91.0
2025-08-26,2025-08-26 09:56:18.500,IO2511-C-4900,86.8,88.6,91.0
2025-08-26,2025-08-26 09:56:19.000,IO2511-C-4900,86.8,88.6,91.0
2025-08-26,2025-08-26 09:56:19.500,IO2511-C-4900,86.8,88.6,91.0
2025-08-26,2025-08-26 09:56:29.500,IO2511-C-4900,86.8,88.6,91.0
2025-08-26,2025-08-26 09:56:32.000,IO2511-C-4900,86.8,88.6,91.0
2025-08-26,2025-08-26 09:56:37.000,IO2511-C-4900,86.8,88.6,91.0
2025-08-26,2025-08-26 09:56:45.500,IO2511-C-4900,86.8,88.6,91.0
2025-08-26,2025-08-26 09:56:57.000,IO2511-C-4900,86.8,88.6,91.0
2025-08-26,2025-08-26 09:57:00.000,IO2511-C-4900,86.8,88.6,91.0
2025-08-26,2025-08-26 09:57:02.500,IO2511-C-4900,86.8,88.6,91.0
2025-08-26,2025-08-26 09:57:04.500,IO2511-C-4900,86.8,88.6,91.0
2025-08-26,2025-08-26 09:57:05.500,IO2511-C-4900,86.8,88.6,91.0
2025-08-26,2025-08-26 09:57:15.000,IO2511-C-4900,86.8,88.6,91.0
2025-08-26,2025-08-26 09:57:16.500,IO2511-C-4900,86.8,88.6,91.0
2025-08-26,2025-08-26 09:57:34.500,IO2511-C-4900,86.8,88.6,91.0
2025-08-26,2025-08-26 09:57:41.000,IO2511-C-4900,86.8,88.6,91.0
2025-08-26,2025-08-26 09:57:46.500,IO2511-C-4900,86.8,88.6,91.0
2025-08-26,2025-08-26 09:57:47.000,IO2511-C-4900,86.8,88.6,90.8
2025-08-26,2025-08-26 09:57:47.500,IO2511-C-4900,86.8,88.6,90.8
2025-08-26,2025-08-26 09:57:48.000,IO2511-C-4900,86.8,88.6,90.8
2025-08-26,2025-08-26 09:57:48.500,IO2511-C-4900,86.8,88.6,90.8
2025-08-26,2025-08-26 09:57:53.500,IO2511-C-4900,86.8,88.4,90.6
2025-08-26,2025-08-26 09:57:54.000,IO2511-C-4900,86.8,88.4,90.6
2025-08-26,2025-08-26 09:57:54.500,IO2511-C-4900,86.8,88.4,90.6
2025-08-26,2025-08-26 09:57:59.000,IO2511-C-4900,86.8,88.4,90.6
2025-08-26,2025-08-26 09:57:59.500,IO2511-C-4900,86.8,88.4,90.6
2025-08-26,2025-08-26 09:58:06.000,IO2511-C-4900,86.8,88.4,90.6
2025-08-26,2025-08-26 09:58:15.500,IO2511-C-4900,86.8,88.4,90.6
2025-08-26,2025-08-26 09:58:20.000,IO2511-C-4900,86.8,88.4,90.6
2025-08-26,2025-08-26 09:58:20.500,IO2511-C-4900,86.8,88.4,90.6
2025-08-26,2025-08-26 09:58:21.000,IO2511-C-4900,86.8,88.4,90.6
2025-08-26,2025-08-26 09:58:25.000,IO2511-C-4900,86.8,88.2,90.6
2025-08-26,2025-08-26 09:58:25.500,IO2511-C-4900,86.8,88.2,90.6
2025-08-26,2025-08-26 09:58:26.000,IO2511-C-4900,86.8,88.2,90.6
2025-08-26,2025-08-26 09:58:29.000,IO2511-C-4900,86.8,88.2,90.6
2025-08-26,2025-08-26 09:58:29.500,IO2511-C-4900,86.8,88.0,90.6
2025-08-26,2025-08-26 09:58:30.000,IO2511-C-4900,86.8,87.8,90.6
2025-08-26,2025-08-26 09:58:30.500,IO2511-C-4900,86.8,87.8,90.6
2025-08-26,2025-08-26 09:58:31.000,IO2511-C-4900,86.8,87.8,90.6
2025-08-26,2025-08-26 09:58:33.000,IO2511-C-4900,86.8,88.0,90.6
2025-08-26,2025-08-26 09:58:36.500,IO2511-C-4900,86.8,88.0,90.6
2025-08-26,2025-08-26 09:58:37.000,IO2511-C-4900,86.8,88.0,90.6
2025-08-26,2025-08-26 09:58:56.500,IO2511-C-4900,86.8,88.0,90.6
2025-08-26,2025-08-26 09:59:01.000,IO2511-C-4900,86.8,87.8,90.6
2025-08-26,2025-08-26 09:59:01.500,IO2511-C-4900,86.8,87.8,90.6
2025-08-26,2025-08-26 09:59:02.500,IO2511-C-4900,86.8,87.8,90.6
2025-08-26,2025-08-26 09:59:05.000,IO2511-C-4900,86.8,87.8,90.6
2025-08-26,2025-08-26 09:59:06.500,IO2511-C-4900,86.8,87.8,90.6
2025-08-26,2025-08-26 09:59:07.000,IO2511-C-4900,86.8,87.8,90.6
2025-08-26,2025-08-26 09:59:12.000,IO2511-C-4900,86.8,87.8,90.4
2025-08-26,2025-08-26 09:59:12.500,IO2511-C-4900,86.8,87.8,90.4
2025-08-26,2025-08-26 09:59:13.000,IO2511-C-4900,86.8,87.8,90.4
2025-08-26,2025-08-26 09:59:13.500,IO2511-C-4900,86.8,87.8,90.4
2025-08-26,2025-08-26 09:59:14.000,IO2511-C-4900,86.8,87.8,90.4
2025-08-26,2025-08-26 09:59:17.000,IO2511-C-4900,86.8,87.8,90.2
2025-08-26,2025-08-26 09:59:17.500,IO2511-C-4900,86.8,87.8,90.2
2025-08-26,2025-08-26 09:59:18.000,IO2511-C-4900,86.8,87.8,90.2
2025-08-26,2025-08-26 09:59:47.000,IO2511-C-4900,86.8,87.8,90.2
2025-08-26,2025-08-26 09:59:48.000,IO2511-C-4900,86.8,87.6,90.2
2025-08-26,2025-08-26 09:59:48.500,IO2511-C-4900,86.8,87.6,90.2
2025-08-26,2025-08-26 09:59:49.000,IO2511-C-4900,86.8,87.6,90.2
2025-08-26,2025-08-26 09:59:52.500,IO2511-C-4900,86.8,87.6,90.2
2025-08-26,2025-08-26 09:59:54.500,IO2511-C-4900,86.8,87.6,90.2
2025-08-26,2025-08-26 09:59:55.000,IO2511-C-4900,86.8,87.6,90.2
2025-08-26,2025-08-26 09:59:58.000,IO2511-C-4900,86.8,87.6,90.2
2025-08-26,2025-08-26 10:00:01.000,IO2511-C-4900,86.8,87.6,90.2
2025-08-26,2025-08-26 10:00:05.000,IO2511-C-4900,86.8,87.6,90.2
2025-08-26,2025-08-26 10:00:06.000,IO2511-C-4900,86.8,87.6,90.2
2025-08-26,2025-08-26 10:00:07.000,IO2511-C-4900,86.8,87.6,90.2
2025-08-26,2025-08-26 10:00:07.500,IO2511-C-4900,86.8,87.6,90.0
2025-08-26,2025-08-26 10:00:08.000,IO2511-C-4900,86.8,87.6,90.0
2025-08-26,2025-08-26 10:00:13.500,IO2511-C-4900,86.8,87.6,90.0
2025-08-26,2025-08-26 10:00:14.500,IO2511-C-4900,86.8,87.6,90.0
2025-08-26,2025-08-26 10:00:17.000,IO2511-C-4900,86.8,87.6,90.0
2025-08-26,2025-08-26 10:00:22.500,IO2511-C-4900,86.8,87.6,90.0
2025-08-26,2025-08-26 10:00:30.500,IO2511-C-4900,86.8,87.6,90.0
2025-08-26,2025-08-26 10:00:31.000,IO2511-C-4900,86.8,87.6,90.0
2025-08-26,2025-08-26 10:00:33.000,IO2511-C-4900,86.8,87.6,90.0
2025-08-26,2025-08-26 10:00:34.500,IO2511-C-4900,86.8,87.6,90.2
2025-08-26,2025-08-26 10:00:50.500,IO2511-C-4900,86.8,87.6,90.2
2025-08-26,2025-08-26 10:00:55.500,IO2511-C-4900,86.8,87.6,90.2
2025-08-26,2025-08-26 10:01:02.500,IO2511-C-4900,86.8,87.6,90.2
2025-08-26,2025-08-26 10:01:08.000,IO2511-C-4900,86.8,87.6,90.2
2025-08-26,2025-08-26 10:01:15.500,IO2511-C-4900,86.8,87.6,90.2
2025-08-26,2025-08-26 10:01:18.500,IO2511-C-4900,86.8,87.6,90.2
2025-08-26,2025-08-26 10:01:23.500,IO2511-C-4900,86.8,87.6,90.2
2025-08-26,2025-08-26 10:01:26.500,IO2511-C-4900,86.8,87.6,90.2
2025-08-26,2025-08-26 10:02:01.500,IO2511-C-4900,86.8,87.6,90.2
2025-08-26,2025-08-26 10:02:12.500,IO2511-C-4900,86.8,87.6,90.2
2025-08-26,2025-08-26 10:02:13.500,IO2511-C-4900,86.8,87.6,90.2
2025-08-26,2025-08-26 10:02:14.500,IO2511-C-4900,86.8,87.6,90.2
2025-08-26,2025-08-26 10:02:25.500,IO2511-C-4900,86.8,87.6,90.2
2025-08-26,2025-08-26 10:02:31.500,IO2511-C-4900,86.8,87.6,90.2
2025-08-26,2025-08-26 10:02:32.500,IO2511-C-4900,86.8,87.6,90.0
2025-08-26,2025-08-26 10:02:33.000,IO2511-C-4900,86.8,87.6,90.0
2025-08-26,2025-08-26 10:02:33.500,IO2511-C-4900,86.8,87.6,90.0
2025-08-26,2025-08-26 10:02:40.000,IO2511-C-4900,86.8,87.6,90.0
2025-08-26,2025-08-26 10:02:40.500,IO2511-C-4900,86.8,87.6,90.0
2025-08-26,2025-08-26 10:02:42.500,IO2511-C-4900,86.8,87.6,90.0
2025-08-26,2025-08-26 10:02:52.500,IO2511-C-4900,86.8,87.6,90.0
2025-08-26,2025-08-26 10:03:02.000,IO2511-C-4900,86.8,87.6,89.8
2025-08-26,2025-08-26 10:03:02.500,IO2511-C-4900,86.8,87.6,89.8
2025-08-26,2025-08-26 10:03:03.000,IO2511-C-4900,86.8,87.6,89.8
2025-08-26,2025-08-26 10:03:05.000,IO2511-C-4900,86.8,87.6,89.8
2025-08-26,2025-08-26 10:03:06.000,IO2511-C-4900,86.8,87.6,89.8
2025-08-26,2025-08-26 10:03:08.500,IO2511-C-4900,86.8,87.6,90.0
2025-08-26,2025-08-26 10:03:09.000,IO2511-C-4900,86.8,87.6,90.0
2025-08-26,2025-08-26 10:03:10.000,IO2511-C-4900,86.8,87.6,90.0
2025-08-26,2025-08-26 10:03:10.500,IO2511-C-4900,86.8,87.6,90.0
2025-08-26,2025-08-26 10:03:14.000,IO2511-C-4900,86.8,87.6,90.0
2025-08-26,2025-08-26 10:03:14.500,IO2511-C-4900,86.8,87.6,90.0
2025-08-26,2025-08-26 10:03:16.000,IO2511-C-4900,86.8,87.6,90.0
2025-08-26,2025-08-26 10:03:18.500,IO2511-C-4900,86.8,87.6,90.0
2025-08-26,2025-08-26 10:03:19.000,IO2511-C-4900,86.8,87.6,90.0
2025-08-26,2025-08-26 10:03:26.500,IO2511-C-4900,86.8,87.6,90.0
2025-08-26,2025-08-26 10:03:27.500,IO2511-C-4900,86.8,87.6,90.0
2025-08-26,2025-08-26 10:03:28.500,IO2511-C-4900,86.8,87.6,90.0
2025-08-26,2025-08-26 10:03:29.500,IO2511-C-4900,86.8,87.6,90.0
2025-08-26,2025-08-26 10:03:30.000,IO2511-C-4900,86.8,87.6,90.0
2025-08-26,2025-08-26 10:03:32.500,IO2511-C-4900,86.8,87.6,90.0
2025-08-26,2025-08-26 10:03:37.000,IO2511-C-4900,86.8,87.8,90.0
2025-08-26,2025-08-26 10:03:37.500,IO2511-C-4900,86.8,87.8,90.0
2025-08-26,2025-08-26 10:03:38.000,IO2511-C-4900,86.8,87.8,90.0
2025-08-26,2025-08-26 10:03:43.000,IO2511-C-4900,86.8,87.8,90.0
2025-08-26,2025-08-26 10:03:44.500,IO2511-C-4900,86.8,88.0,90.0
2025-08-26,2025-08-26 10:03:45.000,IO2511-C-4900,86.8,88.0,90.0
2025-08-26,2025-08-26 10:03:45.500,IO2511-C-4900,86.8,88.0,90.0
2025-08-26,2025-08-26 10:03:48.000,IO2511-C-4900,86.8,88.0,90.0
2025-08-26,2025-08-26 10:03:48.500,IO2511-C-4900,86.8,88.2,90.0
2025-08-26,2025-08-26 10:03:49.000,IO2511-C-4900,86.8,88.2,90.0
2025-08-26,2025-08-26 10:03:49.500,IO2511-C-4900,86.8,88.2,90.0
2025-08-26,2025-08-26 10:03:50.500,IO2511-C-4900,86.8,88.2,90.0
2025-08-26,2025-08-26 10:03:51.000,IO2511-C-4900,86.8,88.2,90.0
2025-08-26,2025-08-26 10:03:52.000,IO2511-C-4900,86.8,88.2,90.2
2025-08-26,2025-08-26 10:03:52.500,IO2511-C-4900,86.8,88.2,90.2
2025-08-26,2025-08-26 10:03:53.000,IO2511-C-4900,86.8,88.2,90.2
2025-08-26,2025-08-26 10:03:54.500,IO2511-C-4900,86.8,88.4,90.2
2025-08-26,2025-08-26 10:03:55.000,IO2511-C-4900,86.8,88.4,90.2
2025-08-26,2025-08-26 10:03:55.500,IO2511-C-4900,86.8,88.4,90.2
2025-08-26,2025-08-26 10:03:57.500,IO2511-C-4900,86.8,88.6,90.2
2025-08-26,2025-08-26 10:03:58.000,IO2511-C-4900,86.8,88.6,90.2
2025-08-26,2025-08-26 10:03:58.500,IO2511-C-4900,86.8,88.6,90.6
2025-08-26,2025-08-26 10:03:59.000,IO2511-C-4900,86.8,88.6,90.6
2025-08-26,2025-08-26 10:03:59.500,IO2511-C-4900,86.8,88.8,90.6
2025-08-26,2025-08-26 10:04:00.000,IO2511-C-4900,86.8,88.8,90.6
2025-08-26,2025-08-26 10:04:00.500,IO2511-C-4900,86.8,88.8,90.8
2025-08-26,2025-08-26 10:04:01.000,IO2511-C-4900,86.8,88.8,91.0
2025-08-26,2025-08-26 10:04:01.500,IO2511-C-4900,86.8,89.0,91.0
2025-08-26,2025-08-26 10:04:02.000,IO2511-C-4900,86.8,89.0,91.0
2025-08-26,2025-08-26 10:04:02.500,IO2511-C-4900,86.8,89.0,91.0
2025-08-26,2025-08-26 10:04:03.000,IO2511-C-4900,86.8,89.2,91.0
2025-08-26,2025-08-26 10:04:03.500,IO2511-C-4900,86.8,89.2,91.0
2025-08-26,2025-08-26 10:04:04.000,IO2511-C-4900,86.8,89.2,91.0
2025-08-26,2025-08-26 10:04:05.500,IO2511-C-4900,86.8,89.2,91.2
2025-08-26,2025-08-26 10:04:06.000,IO2511-C-4900,86.8,89.2,91.4
2025-08-26,2025-08-26 10:04:06.500,IO2511-C-4900,86.8,89.2,91.4
2025-08-26,2025-08-26 10:04:07.000,IO2511-C-4900,86.8,89.2,91.4
2025-08-26,2025-08-26 10:04:07.500,IO2511-C-4900,86.8,89.2,91.4
2025-08-26,2025-08-26 10:04:08.000,IO2511-C-4900,86.8,89.2,91.4
2025-08-26,2025-08-26 10:04:08.500,IO2511-C-4900,86.8,89.2,91.4
2025-08-26,2025-08-26 10:04:09.500,IO2511-C-4900,86.8,89.4,91.4
2025-08-26,2025-08-26 10:04:10.000,IO2511-C-4900,86.8,89.4,91.4
2025-08-26,2025-08-26 10:04:10.500,IO2511-C-4900,86.8,89.4,91.6
2025-08-26,2025-08-26 10:04:11.000,IO2511-C-4900,86.8,89.4,91.8
2025-08-26,2025-08-26 10:04:11.500,IO2511-C-4900,86.8,89.6,91.8
2025-08-26,2025-08-26 10:04:12.000,IO2511-C-4900,86.8,89.6,91.8
2025-08-26,2025-08-26 10:04:12.500,IO2511-C-4900,86.8,89.6,91.8
2025-08-26,2025-08-26 10:04:13.000,IO2511-C-4900,86.8,89.6,91.8
2025-08-26,2025-08-26 10:04:14.500,IO2511-C-4900,86.8,89.6,91.8
2025-08-26,2025-08-26 10:04:15.500,IO2511-C-4900,86.8,89.8,92.0
2025-08-26,2025-08-26 10:04:16.000,IO2511-C-4900,86.8,89.8,92.2
2025-08-26,2025-08-26 10:04:16.500,IO2511-C-4900,86.8,89.8,92.2
2025-08-26,2025-08-26 10:04:17.000,IO2511-C-4900,86.8,89.8,92.2
2025-08-26,2025-08-26 10:04:17.500,IO2511-C-4900,86.8,89.8,92.2
2025-08-26,2025-08-26 10:04:18.000,IO2511-C-4900,86.8,89.8,92.2
2025-08-26,2025-08-26 10:04:18.500,IO2511-C-4900,86.8,89.8,92.2
2025-08-26,2025-08-26 10:04:20.500,IO2511-C-4900,86.8,89.8,92.6
2025-08-26,2025-08-26 10:04:21.000,IO2511-C-4900,86.8,89.8,92.6
2025-08-26,2025-08-26 10:04:21.500,IO2511-C-4900,86.8,89.8,92.6
2025-08-26,2025-08-26 10:04:22.000,IO2511-C-4900,86.8,89.8,92.6
2025-08-26,2025-08-26 10:04:24.000,IO2511-C-4900,86.8,89.8,92.6
2025-08-26,2025-08-26 10:04:24.500,IO2511-C-4900,86.8,90.2,92.6
2025-08-26,2025-08-26 10:04:25.000,IO2511-C-4900,86.8,90.2,92.6
2025-08-26,2025-08-26 10:04:33.000,IO2511-C-4900,86.8,90.2,92.6
2025-08-26,2025-08-26 10:04:33.500,IO2511-C-4900,86.8,90.2,92.6
2025-08-26,2025-08-26 10:04:34.000,IO2511-C-4900,86.8,90.2,92.6
2025-08-26,2025-08-26 10:04:47.500,IO2511-C-4900,86.8,90.4,92.6
2025-08-26,2025-08-26 10:04:48.000,IO2511-C-4900,86.8,90.4,92.6
2025-08-26,2025-08-26 10:04:54.000,IO2511-C-4900,86.8,90.4,92.6
2025-08-26,2025-08-26 10:05:00.500,IO2511-C-4900,86.8,90.4,92.6
2025-08-26,2025-08-26 10:05:01.000,IO2511-C-4900,86.8,90.4,92.6
2025-08-26,2025-08-26 10:05:02.500,IO2511-C-4900,86.8,90.4,92.6
2025-08-26,2025-08-26 10:05:03.000,IO2511-C-4900,86.8,90.4,92.6
2025-08-26,2025-08-26 10:05:05.000,IO2511-C-4900,86.8,90.4,92.6
2025-08-26,2025-08-26 10:05:06.500,IO2511-C-4900,86.8,90.4,92.6
2025-08-26,2025-08-26 10:05:16.500,IO2511-C-4900,86.8,90.4,92.6
2025-08-26,2025-08-26 10:05:19.500,IO2511-C-4900,86.8,90.4,92.6
2025-08-26,2025-08-26 10:05:20.000,IO2511-C-4900,86.8,90.4,92.6
2025-08-26,2025-08-26 10:05:22.000,IO2511-C-4900,86.8,90.4,92.6
2025-08-26,2025-08-26 10:05:25.500,IO2511-C-4900,86.8,90.4,92.6
2025-08-26,2025-08-26 10:05:43.500,IO2511-C-4900,86.8,90.4,92.6
2025-08-26,2025-08-26 10:06:02.500,IO2511-C-4900,86.8,90.4,92.6
2025-08-26,2025-08-26 10:06:05.500,IO2511-C-4900,86.8,90.4,92.6
2025-08-26,2025-08-26 10:06:11.500,IO2511-C-4900,86.8,90.4,92.6
2025-08-26,2025-08-26 10:06:47.000,IO2511-C-4900,86.8,90.4,92.6
2025-08-26,2025-08-26 10:06:47.500,IO2511-C-4900,86.8,90.4,92.6
2025-08-26,2025-08-26 10:06:52.500,IO2511-C-4900,86.8,90.4,92.6
2025-08-26,2025-08-26 10:06:58.000,IO2511-C-4900,86.8,90.4,92.6
2025-08-26,2025-08-26 10:07:01.000,IO2511-C-4900,86.8,90.4,92.6
2025-08-26,2025-08-26 10:07:02.000,IO2511-C-4900,86.8,90.4,92.6
2025-08-26,2025-08-26 10:07:16.500,IO2511-C-4900,86.8,90.4,92.6
2025-08-26,2025-08-26 10:08:01.500,IO2511-C-4900,86.8,90.4,92.6
2025-08-26,2025-08-26 10:08:10.000,IO2511-C-4900,86.8,90.4,92.6
2025-08-26,2025-08-26 10:08:15.500,IO2511-C-4900,86.8,90.4,92.6
2025-08-26,2025-08-26 10:08:20.000,IO2511-C-4900,86.8,90.4,92.6
2025-08-26,2025-08-26 10:08:29.000,IO2511-C-4900,86.8,90.4,92.6
2025-08-26,2025-08-26 10:08:31.000,IO2511-C-4900,86.8,90.4,92.6
2025-08-26,2025-08-26 10:08:33.500,IO2511-C-4900,86.8,90.4,92.6
2025-08-26,2025-08-26 10:08:35.500,IO2511-C-4900,86.8,90.4,92.6
2025-08-26,2025-08-26 10:08:39.000,IO2511-C-4900,86.8,90.4,92.6
2025-08-26,2025-08-26 10:08:39.500,IO2511-C-4900,86.8,90.4,92.6
2025-08-26,2025-08-26 10:08:53.500,IO2511-C-4900,86.8,90.4,92.6
2025-08-26,2025-08-26 10:09:02.000,IO2511-C-4900,86.8,90.4,92.6
2025-08-26,2025-08-26 10:09:10.000,IO2511-C-4900,86.8,90.4,92.6
2025-08-26,2025-08-26 10:09:10.500,IO2511-C-4900,86.8,90.4,92.6
2025-08-26,2025-08-26 10:09:15.000,IO2511-C-4900,86.8,90.4,92.6
2025-08-26,2025-08-26 10:09:18.500,IO2511-C-4900,86.8,90.4,92.6
2025-08-26,2025-08-26 10:09:21.000,IO2511-C-4900,86.8,90.4,92.6
2025-08-26,2025-08-26 10:09:21.500,IO2511-C-4900,86.8,90.4,92.6
2025-08-26,2025-08-26 10:09:22.500,IO2511-C-4900,86.8,90.4,92.6
2025-08-26,2025-08-26 10:09:25.000,IO2511-C-4900,86.8,90.4,92.8
2025-08-26,2025-08-26 10:09:25.500,IO2511-C-4900,86.8,90.4,92.8
2025-08-26,2025-08-26 10:09:26.000,IO2511-C-4900,86.8,90.4,92.8
2025-08-26,2025-08-26 10:09:26.500,IO2511-C-4900,86.8,90.4,92.6
2025-08-26,2025-08-26 10:09:27.000,IO2511-C-4900,86.8,90.4,92.6
2025-08-26,2025-08-26 10:09:33.000,IO2511-C-4900,86.8,90.4,92.6
2025-08-26,2025-08-26 10:09:41.500,IO2511-C-4900,86.8,90.4,92.6
2025-08-26,2025-08-26 10:09:42.500,IO2511-C-4900,86.8,90.4,92.6
2025-08-26,2025-08-26 10:09:46.000,IO2511-C-4900,86.8,90.4,92.6
2025-08-26,2025-08-26 10:09:46.500,IO2511-C-4900,86.8,90.4,92.6
2025-08-26,2025-08-26 10:09:48.500,IO2511-C-4900,86.8,90.4,92.6
2025-08-26,2025-08-26 10:09:51.000,IO2511-C-4900,86.8,90.4,92.6
2025-08-26,2025-08-26 10:09:52.000,IO2511-C-4900,86.8,90.4,92.6
2025-08-26,2025-08-26 10:09:54.500,IO2511-C-4900,86.8,90.4,92.6
2025-08-26,2025-08-26 10:09:57.000,IO2511-C-4900,86.8,90.4,92.6
2025-08-26,2025-08-26 10:09:57.500,IO2511-C-4900,86.8,90.4,92.6
2025-08-26,2025-08-26 10:10:02.500,IO2511-C-4900,86.8,90.4,92.6
2025-08-26,2025-08-26 10:10:03.500,IO2511-C-4900,86.8,90.4,92.6
2025-08-26,2025-08-26 10:10:10.000,IO2511-C-4900,86.8,90.4,92.6
2025-08-26,2025-08-26 10:10:27.500,IO2511-C-4900,86.8,90.4,92.6
2025-08-26,2025-08-26 10:10:29.000,IO2511-C-4900,86.8,90.4,92.6
2025-08-26,2025-08-26 10:10:30.500,IO2511-C-4900,86.8,90.6,92.6
2025-08-26,2025-08-26 10:10:31.000,IO2511-C-4900,86.8,90.6,92.6
2025-08-26,2025-08-26 10:10:31.500,IO2511-C-4900,86.8,90.6,92.6
2025-08-26,2025-08-26 10:10:54.000,IO2511-C-4900,86.8,90.6,92.6
2025-08-26,2025-08-26 10:10:58.000,IO2511-C-4900,86.8,90.8,92.6
2025-08-26,2025-08-26 10:10:58.500,IO2511-C-4900,86.8,90.8,92.6
2025-08-26,2025-08-26 10:11:01.000,IO2511-C-4900,86.8,91.0,92.6
2025-08-26,2025-08-26 10:11:01.500,IO2511-C-4900,86.8,91.0,92.6
2025-08-26,2025-08-26 10:11:11.500,IO2511-C-4900,86.8,91.0,92.6
2025-08-26,2025-08-26 10:11:12.000,IO2511-C-4900,86.8,91.0,92.6
2025-08-26,2025-08-26 10:11:15.500,IO2511-C-4900,86.8,91.0,92.6
2025-08-26,2025-08-26 10:11:16.000,IO2511-C-4900,86.8,91.0,92.6
2025-08-26,2025-08-26 10:11:25.000,IO2511-C-4900,86.8,91.0,92.6
2025-08-26,2025-08-26 10:11:28.000,IO2511-C-4900,86.8,91.0,92.6
2025-08-26,2025-08-26 10:11:38.500,IO2511-C-4900,86.8,91.0,92.6
2025-08-26,2025-08-26 10:11:42.000,IO2511-C-4900,86.8,91.2,92.6
2025-08-26,2025-08-26 10:11:42.500,IO2511-C-4900,86.8,91.0,92.6
2025-08-26,2025-08-26 10:11:43.500,IO2511-C-4900,86.8,91.2,92.6
2025-08-26,2025-08-26 10:11:44.000,IO2511-C-4900,86.8,91.2,92.6
2025-08-26,2025-08-26 10:11:44.500,IO2511-C-4900,86.8,91.2,92.6
2025-08-26,2025-08-26 10:11:45.500,IO2511-C-4900,86.8,91.2,92.6
2025-08-26,2025-08-26 10:11:51.000,IO2511-C-4900,86.8,91.2,92.6
2025-08-26,2025-08-26 10:11:57.000,IO2511-C-4900,86.8,91.2,92.6
2025-08-26,2025-08-26 10:11:58.000,IO2511-C-4900,86.8,91.2,92.6
2025-08-26,2025-08-26 10:11:58.500,IO2511-C-4900,86.8,91.2,92.6
2025-08-26,2025-08-26 10:12:01.000,IO2511-C-4900,86.8,91.2,92.6
2025-08-26,2025-08-26 10:12:02.500,IO2511-C-4900,86.8,91.2,92.6
2025-08-26,2025-08-26 10:12:06.000,IO2511-C-4900,86.8,91.2,92.6
2025-08-26,2025-08-26 10:12:06.500,IO2511-C-4900,86.8,91.2,92.6
2025-08-26,2025-08-26 10:12:07.000,IO2511-C-4900,86.8,91.2,92.6
2025-08-26,2025-08-26 10:12:11.000,IO2511-C-4900,86.8,91.2,92.6
2025-08-26,2025-08-26 10:12:11.500,IO2511-C-4900,86.8,91.2,93.0
2025-08-26,2025-08-26 10:12:12.000,IO2511-C-4900,86.8,91.2,93.0
2025-08-26,2025-08-26 10:12:12.500,IO2511-C-4900,86.8,91.2,93.0
2025-08-26,2025-08-26 10:12:13.000,IO2511-C-4900,86.8,91.2,93.0
2025-08-26,2025-08-26 10:12:13.500,IO2511-C-4900,86.8,91.2,93.0
2025-08-26,2025-08-26 10:12:15.000,IO2511-C-4900,86.8,91.2,93.2
2025-08-26,2025-08-26 10:12:15.500,IO2511-C-4900,86.8,91.2,93.2
2025-08-26,2025-08-26 10:12:16.000,IO2511-C-4900,86.8,91.2,93.2
2025-08-26,2025-08-26 10:12:16.500,IO2511-C-4900,86.8,91.2,93.2
2025-08-26,2025-08-26 10:12:17.000,IO2511-C-4900,86.8,91.2,93.2
2025-08-26,2025-08-26 10:12:17.500,IO2511-C-4900,86.8,91.2,93.2
2025-08-26,2025-08-26 10:12:18.500,IO2511-C-4900,86.8,91.2,93.2
2025-08-26,2025-08-26 10:12:19.000,IO2511-C-4900,86.8,91.2,93.2
2025-08-26,2025-08-26 10:12:19.500,IO2511-C-4900,86.8,91.2,93.2
2025-08-26,2025-08-26 10:12:20.500,IO2511-C-4900,86.8,91.2,93.2
2025-08-26,2025-08-26 10:12:22.000,IO2511-C-4900,86.8,91.2,93.2
2025-08-26,2025-08-26 10:12:23.000,IO2511-C-4900,86.8,91.2,93.2
2025-08-26,2025-08-26 10:12:23.500,IO2511-C-4900,86.8,91.2,93.2
2025-08-26,2025-08-26 10:12:25.500,IO2511-C-4900,86.8,91.4,93.2
2025-08-26,2025-08-26 10:12:26.000,IO2511-C-4900,86.8,91.4,93.2
2025-08-26,2025-08-26 10:12:26.500,IO2511-C-4900,86.8,91.4,93.2
2025-08-26,2025-08-26 10:12:27.000,IO2511-C-4900,86.8,91.4,93.2
2025-08-26,2025-08-26 10:12:27.500,IO2511-C-4900,86.8,91.4,93.2
2025-08-26,2025-08-26 10:12:30.500,IO2511-C-4900,86.8,91.4,93.2
2025-08-26,2025-08-26 10:12:31.000,IO2511-C-4900,86.8,91.4,93.2
2025-08-26,2025-08-26 10:12:35.500,IO2511-C-4900,86.8,91.4,93.2
2025-08-26,2025-08-26 10:12:36.000,IO2511-C-4900,86.8,91.4,93.2
2025-08-26,2025-08-26 10:12:38.000,IO2511-C-4900,86.8,91.4,93.2
2025-08-26,2025-08-26 10:12:38.500,IO2511-C-4900,86.8,91.4,93.2
2025-08-26,2025-08-26 10:12:43.000,IO2511-C-4900,86.8,91.4,93.2
2025-08-26,2025-08-26 10:12:44.500,IO2511-C-4900,86.8,91.4,93.2
2025-08-26,2025-08-26 10:12:48.500,IO2511-C-4900,86.8,91.4,93.2
2025-08-26,2025-08-26 10:12:53.000,IO2511-C-4900,86.8,91.4,93.2
2025-08-26,2025-08-26 10:12:57.000,IO2511-C-4900,86.8,91.4,93.2
2025-08-26,2025-08-26 10:13:01.500,IO2511-C-4900,86.8,91.4,93.2
2025-08-26,2025-08-26 10:13:06.000,IO2511-C-4900,86.8,91.4,93.2
2025-08-26,2025-08-26 10:13:07.000,IO2511-C-4900,86.8,91.2,93.0
2025-08-26,2025-08-26 10:13:07.500,IO2511-C-4900,86.8,91.2,93.0
2025-08-26,2025-08-26 10:13:08.000,IO2511-C-4900,86.8,91.2,93.0
2025-08-26,2025-08-26 10:13:08.500,IO2511-C-4900,86.8,91.2,93.0
2025-08-26,2025-08-26 10:13:16.000,IO2511-C-4900,86.8,91.2,93.0
2025-08-26,2025-08-26 10:13:16.500,IO2511-C-4900,86.8,91.2,92.8
2025-08-26,2025-08-26 10:13:17.000,IO2511-C-4900,86.8,91.4,92.8
2025-08-26,2025-08-26 10:13:17.500,IO2511-C-4900,86.8,91.4,92.8
2025-08-26,2025-08-26 10:13:18.000,IO2511-C-4900,86.8,91.4,92.8
2025-08-26,2025-08-26 10:13:19.500,IO2511-C-4900,86.8,91.2,92.8
2025-08-26,2025-08-26 10:13:24.000,IO2511-C-4900,86.8,91.2,92.6
2025-08-26,2025-08-26 10:13:24.500,IO2511-C-4900,86.8,91.2,92.6
2025-08-26,2025-08-26 10:13:25.000,IO2511-C-4900,86.8,91.2,92.6
2025-08-26,2025-08-26 10:13:28.500,IO2511-C-4900,86.8,91.2,92.6
2025-08-26,2025-08-26 10:13:29.000,IO2511-C-4900,86.8,91.0,92.6
2025-08-26,2025-08-26 10:13:30.000,IO2511-C-4900,86.8,91.2,92.6
2025-08-26,2025-08-26 10:13:32.500,IO2511-C-4900,86.8,91.0,92.6
2025-08-26,2025-08-26 10:13:34.000,IO2511-C-4900,86.8,91.2,92.6
2025-08-26,2025-08-26 10:13:34.500,IO2511-C-4900,86.8,91.0,92.6
2025-08-26,2025-08-26 10:13:43.000,IO2511-C-4900,86.8,91.0,92.6
2025-08-26,2025-08-26 10:13:43.500,IO2511-C-4900,86.8,91.0,92.6
2025-08-26,2025-08-26 10:13:44.000,IO2511-C-4900,86.8,91.0,92.6
2025-08-26,2025-08-26 10:13:48.500,IO2511-C-4900,86.8,91.0,92.6
2025-08-26,2025-08-26 10:13:54.000,IO2511-C-4900,86.8,91.0,92.6
2025-08-26,2025-08-26 10:13:58.500,IO2511-C-4900,86.8,90.6,92.6
2025-08-26,2025-08-26 10:13:59.000,IO2511-C-4900,86.8,90.6,92.6
2025-08-26,2025-08-26 10:13:59.500,IO2511-C-4900,86.8,90.6,92.6
2025-08-26,2025-08-26 10:14:00.500,IO2511-C-4900,86.8,90.4,92.6
2025-08-26,2025-08-26 10:14:01.000,IO2511-C-4900,86.8,90.4,92.6
2025-08-26,2025-08-26 10:14:01.500,IO2511-C-4900,86.8,90.4,92.6
2025-08-26,2025-08-26 10:14:02.000,IO2511-C-4900,86.8,90.4,92.6
2025-08-26,2025-08-26 10:14:02.500,IO2511-C-4900,86.8,90.4,92.6
2025-08-26,2025-08-26 10:14:03.000,IO2511-C-4900,86.8,90.4,92.6
2025-08-26,2025-08-26 10:14:07.000,IO2511-C-4900,86.8,90.4,92.6
2025-08-26,2025-08-26 10:14:10.000,IO2511-C-4900,86.8,90.6,92.4
2025-08-26,2025-08-26 10:14:10.500,IO2511-C-4900,86.8,90.6,92.4
2025-08-26,2025-08-26 10:14:11.000,IO2511-C-4900,86.8,90.6,92.4
2025-08-26,2025-08-26 10:14:17.000,IO2511-C-4900,86.8,90.6,92.4
2025-08-26,2025-08-26 10:14:17.500,IO2511-C-4900,86.8,90.6,92.4
2025-08-26,2025-08-26 10:14:23.000,IO2511-C-4900,86.8,90.6,92.4
2025-08-26,2025-08-26 10:14:23.500,IO2511-C-4900,86.8,90.6,92.6
2025-08-26,2025-08-26 10:14:26.000,IO2511-C-4900,86.8,90.6,92.4
2025-08-26,2025-08-26 10:14:26.500,IO2511-C-4900,86.8,90.6,92.4
2025-08-26,2025-08-26 10:14:33.000,IO2511-C-4900,86.8,90.4,92.4
2025-08-26,2025-08-26 10:14:33.500,IO2511-C-4900,86.8,90.4,92.4
2025-08-26,2025-08-26 10:14:38.000,IO2511-C-4900,86.8,90.4,92.4
2025-08-26,2025-08-26 10:14:38.500,IO2511-C-4900,86.8,90.4,92.4
2025-08-26,2025-08-26 10:14:57.000,IO2511-C-4900,86.8,90.4,92.4
2025-08-26,2025-08-26 10:15:07.000,IO2511-C-4900,86.8,90.4,92.4
2025-08-26,2025-08-26 10:15:07.500,IO2511-C-4900,86.8,90.4,92.4
2025-08-26,2025-08-26 10:15:11.000,IO2511-C-4900,86.8,90.4,92.2
2025-08-26,2025-08-26 10:15:11.500,IO2511-C-4900,86.8,90.4,92.2
2025-08-26,2025-08-26 10:15:12.000,IO2511-C-4900,86.8,90.4,92.2
2025-08-26,2025-08-26 10:16:07.000,IO2511-C-4900,86.8,90.4,92.2
2025-08-26,2025-08-26 10:16:23.000,IO2511-C-4900,86.8,90.4,92.2
2025-08-26,2025-08-26 10:16:56.000,IO2511-C-4900,86.8,90.6,92.2
2025-08-26,2025-08-26 10:17:07.000,IO2511-C-4900,86.8,90.4,92.2
2025-08-26,2025-08-26 10:17:11.000,IO2511-C-4900,86.8,90.4,92.0
2025-08-26,2025-08-26 10:17:11.500,IO2511-C-4900,86.8,90.4,92.0
2025-08-26,2025-08-26 10:17:12.000,IO2511-C-4900,86.8,90.4,92.0
2025-08-26,2025-08-26 10:17:24.000,IO2511-C-4900,86.8,90.6,92.2
2025-08-26,2025-08-26 10:17:24.500,IO2511-C-4900,86.8,90.6,92.2
2025-08-26,2025-08-26 10:17:27.000,IO2511-C-4900,86.8,90.6,92.2
2025-08-26,2025-08-26 10:17:27.500,IO2511-C-4900,86.8,90.6,92.2
2025-08-26,2025-08-26 10:17:29.500,IO2511-C-4900,86.8,90.6,92.2
2025-08-26,2025-08-26 10:17:32.000,IO2511-C-4900,86.8,90.6,92.2
2025-08-26,2025-08-26 10:17:35.000,IO2511-C-4900,86.8,90.4,92.0
2025-08-26,2025-08-26 10:17:35.500,IO2511-C-4900,86.8,90.4,92.0
2025-08-26,2025-08-26 10:17:46.500,IO2511-C-4900,86.8,90.4,92.0
2025-08-26,2025-08-26 10:17:49.500,IO2511-C-4900,86.8,90.2,92.0
2025-08-26,2025-08-26 10:17:50.000,IO2511-C-4900,86.8,90.2,92.0
2025-08-26,2025-08-26 10:17:50.500,IO2511-C-4900,86.8,90.2,92.0
2025-08-26,2025-08-26 10:17:51.500,IO2511-C-4900,86.8,90.2,91.8
2025-08-26,2025-08-26 10:17:52.000,IO2511-C-4900,86.8,90.2,91.8
2025-08-26,2025-08-26 10:17:52.500,IO2511-C-4900,86.8,90.2,91.8
2025-08-26,2025-08-26 10:17:54.000,IO2511-C-4900,86.8,90.0,91.8
2025-08-26,2025-08-26 10:17:54.500,IO2511-C-4900,86.8,90.0,91.8
2025-08-26,2025-08-26 10:17:56.000,IO2511-C-4900,86.8,90.0,91.8
2025-08-26,2025-08-26 10:17:57.000,IO2511-C-4900,86.8,90.0,91.8
2025-08-26,2025-08-26 10:17:57.500,IO2511-C-4900,86.8,90.0,91.8
2025-08-26,2025-08-26 10:17:58.000,IO2511-C-4900,86.8,90.0,91.8
2025-08-26,2025-08-26 10:17:58.500,IO2511-C-4900,86.8,90.0,91.8
2025-08-26,2025-08-26 10:18:01.500,IO2511-C-4900,86.8,90.2,91.8
2025-08-26,2025-08-26 10:18:07.000,IO2511-C-4900,86.8,90.2,91.8
2025-08-26,2025-08-26 10:18:28.500,IO2511-C-4900,86.8,90.0,91.8
2025-08-26,2025-08-26 10:18:31.000,IO2511-C-4900,86.8,90.0,91.6
2025-08-26,2025-08-26 10:18:31.500,IO2511-C-4900,86.8,89.8,91.6
2025-08-26,2025-08-26 10:18:37.500,IO2511-C-4900,86.8,89.8,91.6
2025-08-26,2025-08-26 10:18:44.500,IO2511-C-4900,86.8,89.8,91.6
2025-08-26,2025-08-26 10:18:45.000,IO2511-C-4900,86.8,89.8,91.6
2025-08-26,2025-08-26 10:18:56.000,IO2511-C-4900,86.8,89.8,91.6
2025-08-26,2025-08-26 10:19:07.000,IO2511-C-4900,86.8,90.0,91.8
2025-08-26,2025-08-26 10:19:08.000,IO2511-C-4900,86.8,90.0,91.8
2025-08-26,2025-08-26 10:19:16.500,IO2511-C-4900,86.8,89.8,91.6
2025-08-26,2025-08-26 10:19:29.000,IO2511-C-4900,86.8,90.0,91.8
2025-08-26,2025-08-26 10:19:30.000,IO2511-C-4900,86.8,90.0,91.8
2025-08-26,2025-08-26 10:19:33.000,IO2511-C-4900,86.8,90.0,91.8
2025-08-26,2025-08-26 10:19:33.500,IO2511-C-4900,86.8,90.0,91.8
2025-08-26,2025-08-26 10:19:36.000,IO2511-C-4900,86.8,90.0,91.8
2025-08-26,2025-08-26 10:19:37.000,IO2511-C-4900,86.8,90.0,91.8
2025-08-26,2025-08-26 10:19:40.000,IO2511-C-4900,86.8,89.8,91.6
2025-08-26,2025-08-26 10:19:40.500,IO2511-C-4900,86.8,89.8,91.6
2025-08-26,2025-08-26 10:19:42.500,IO2511-C-4900,86.8,89.8,91.6
2025-08-26,2025-08-26 10:19:43.000,IO2511-C-4900,86.8,89.8,91.6
2025-08-26,2025-08-26 10:19:44.500,IO2511-C-4900,86.8,89.8,91.6
2025-08-26,2025-08-26 10:19:46.500,IO2511-C-4900,86.8,89.8,91.4
2025-08-26,2025-08-26 10:19:47.000,IO2511-C-4900,86.8,89.8,91.4
2025-08-26,2025-08-26 10:19:47.500,IO2511-C-4900,86.8,89.8,91.4
2025-08-26,2025-08-26 10:19:48.500,IO2511-C-4900,86.8,89.8,91.4
2025-08-26,2025-08-26 10:19:49.500,IO2511-C-4900,86.8,89.8,91.6
2025-08-26,2025-08-26 10:19:50.000,IO2511-C-4900,86.8,89.8,91.4
2025-08-26,2025-08-26 10:19:54.500,IO2511-C-4900,86.8,89.8,91.4
2025-08-26,2025-08-26 10:20:07.500,IO2511-C-4900,86.8,89.8,91.4
2025-08-26,2025-08-26 10:20:08.000,IO2511-C-4900,86.8,89.8,91.4
2025-08-26,2025-08-26 10:20:12.500,IO2511-C-4900,86.8,89.8,91.4
2025-08-26,2025-08-26 10:20:13.000,IO2511-C-4900,86.8,89.8,91.4
2025-08-26,2025-08-26 10:20:23.000,IO2511-C-4900,86.8,89.8,91.2
2025-08-26,2025-08-26 10:20:23.500,IO2511-C-4900,86.8,89.6,91.2
2025-08-26,2025-08-26 10:20:24.000,IO2511-C-4900,86.8,89.6,91.2
2025-08-26,2025-08-26 10:20:24.500,IO2511-C-4900,86.8,89.6,91.2
2025-08-26,2025-08-26 10:20:28.000,IO2511-C-4900,86.8,89.6,91.2
2025-08-26,2025-08-26 10:20:31.500,IO2511-C-4900,86.8,89.6,91.2
2025-08-26,2025-08-26 10:20:33.000,IO2511-C-4900,86.8,89.6,91.2
2025-08-26,2025-08-26 10:20:40.000,IO2511-C-4900,86.8,89.6,91.2
2025-08-26,2025-08-26 10:20:45.000,IO2511-C-4900,86.8,89.6,91.2
2025-08-26,2025-08-26 10:20:46.000,IO2511-C-4900,86.8,89.6,91.2
2025-08-26,2025-08-26 10:20:46.500,IO2511-C-4900,86.8,89.6,91.2
2025-08-26,2025-08-26 10:20:54.000,IO2511-C-4900,86.8,89.6,91.0
2025-08-26,2025-08-26 10:20:54.500,IO2511-C-4900,86.8,89.4,91.0
2025-08-26,2025-08-26 10:20:55.000,IO2511-C-4900,86.8,89.4,91.0
2025-08-26,2025-08-26 10:20:59.000,IO2511-C-4900,86.8,89.4,91.0
2025-08-26,2025-08-26 10:20:59.500,IO2511-C-4900,86.8,89.4,91.0
2025-08-26,2025-08-26 10:21:00.500,IO2511-C-4900,86.8,89.4,90.8
2025-08-26,2025-08-26 10:21:01.000,IO2511-C-4900,86.8,89.2,90.8
2025-08-26,2025-08-26 10:21:01.500,IO2511-C-4900,86.8,89.2,90.8
2025-08-26,2025-08-26 10:21:02.500,IO2511-C-4900,86.8,89.2,90.8
2025-08-26,2025-08-26 10:21:03.000,IO2511-C-4900,86.8,89.2,90.8
2025-08-26,2025-08-26 10:21:03.500,IO2511-C-4900,86.8,89.2,90.8
2025-08-26,2025-08-26 10:21:04.000,IO2511-C-4900,86.8,89.2,90.8
2025-08-26,2025-08-26 10:21:04.500,IO2511-C-4900,86.8,89.2,90.8
2025-08-26,2025-08-26 10:21:05.000,IO2511-C-4900,86.8,89.2,90.8
2025-08-26,2025-08-26 10:21:05.500,IO2511-C-4900,86.8,89.2,90.8
2025-08-26,2025-08-26 10:21:06.000,IO2511-C-4900,86.8,89.2,90.8
2025-08-26,2025-08-26 10:21:06.500,IO2511-C-4900,86.8,89.2,90.6
2025-08-26,2025-08-26 10:21:07.000,IO2511-C-4900,86.8,89.2,90.6
2025-08-26,2025-08-26 10:21:07.500,IO2511-C-4900,86.8,88.8,90.6
2025-08-26,2025-08-26 10:21:08.000,IO2511-C-4900,86.8,88.8,90.6
2025-08-26,2025-08-26 10:21:11.500,IO2511-C-4900,86.8,88.8,90.6
2025-08-26,2025-08-26 10:21:15.500,IO2511-C-4900,86.8,89.0,90.6
2025-08-26,2025-08-26 10:21:17.000,IO2511-C-4900,86.8,88.8,90.4
2025-08-26,2025-08-26 10:21:17.500,IO2511-C-4900,86.8,88.8,90.4
2025-08-26,2025-08-26 10:21:18.000,IO2511-C-4900,86.8,88.8,90.4
2025-08-26,2025-08-26 10:21:29.000,IO2511-C-4900,86.8,88.8,90.4
2025-08-26,2025-08-26 10:21:44.000,IO2511-C-4900,86.8,88.8,90.4
2025-08-26,2025-08-26 10:21:53.000,IO2511-C-4900,86.8,88.8,90.4
2025-08-26,2025-08-26 10:21:54.500,IO2511-C-4900,86.8,88.8,90.4
2025-08-26,2025-08-26 10:22:14.000,IO2511-C-4900,86.8,88.8,90.4
2025-08-26,2025-08-26 10:22:16.000,IO2511-C-4900,86.8,88.8,90.4
2025-08-26,2025-08-26 10:22:17.000,IO2511-C-4900,86.8,88.8,90.4
2025-08-26,2025-08-26 10:22:31.500,IO2511-C-4900,88.8,88.8,90.4
2025-08-26,2025-08-26 10:22:32.000,IO2511-C-4900,88.8,88.8,90.4
2025-08-26,2025-08-26 10:22:43.000,IO2511-C-4900,88.8,88.8,90.4
2025-08-26,2025-08-26 10:22:51.000,IO2511-C-4900,88.8,88.8,90.4
2025-08-26,2025-08-26 10:22:57.000,IO2511-C-4900,88.8,88.8,90.4
2025-08-26,2025-08-26 10:22:57.500,IO2511-C-4900,88.8,88.8,90.4
2025-08-26,2025-08-26 10:23:01.500,IO2511-C-4900,88.8,88.8,90.6
2025-08-26,2025-08-26 10:23:02.000,IO2511-C-4900,88.8,88.8,90.6
2025-08-26,2025-08-26 10:23:02.500,IO2511-C-4900,88.8,88.4,90.6
2025-08-26,2025-08-26 10:23:03.000,IO2511-C-4900,88.8,88.4,90.6
2025-08-26,2025-08-26 10:23:05.000,IO2511-C-4900,88.8,88.4,90.6
2025-08-26,2025-08-26 10:23:06.500,IO2511-C-4900,88.8,88.4,90.6
2025-08-26,2025-08-26 10:23:08.500,IO2511-C-4900,88.8,88.4,90.6
2025-08-26,2025-08-26 10:23:09.500,IO2511-C-4900,88.8,88.4,90.6
2025-08-26,2025-08-26 10:23:12.000,IO2511-C-4900,88.8,88.4,90.6
2025-08-26,2025-08-26 10:23:15.500,IO2511-C-4900,88.8,88.4,90.6
2025-08-26,2025-08-26 10:23:16.000,IO2511-C-4900,88.8,88.4,90.6
2025-08-26,2025-08-26 10:23:16.500,IO2511-C-4900,88.8,88.4,90.6
2025-08-26,2025-08-26 10:23:17.000,IO2511-C-4900,88.8,88.4,90.6
2025-08-26,2025-08-26 10:23:17.500,IO2511-C-4900,88.8,88.4,90.6
2025-08-26,2025-08-26 10:23:20.500,IO2511-C-4900,88.8,88.6,90.6
2025-08-26,2025-08-26 10:23:21.000,IO2511-C-4900,88.8,88.6,90.6
2025-08-26,2025-08-26 10:23:21.500,IO2511-C-4900,88.8,88.8,90.6
2025-08-26,2025-08-26 10:23:22.000,IO2511-C-4900,88.8,88.8,90.6
2025-08-26,2025-08-26 10:23:23.500,IO2511-C-4900,88.8,88.8,90.6
2025-08-26,2025-08-26 10:23:24.500,IO2511-C-4900,88.8,88.8,90.6
2025-08-26,2025-08-26 10:23:28.500,IO2511-C-4900,88.8,88.8,90.6
2025-08-26,2025-08-26 10:23:29.000,IO2511-C-4900,88.8,88.8,90.6
2025-08-26,2025-08-26 10:23:45.500,IO2511-C-4900,88.8,88.8,90.6
2025-08-26,2025-08-26 10:23:51.000,IO2511-C-4900,88.8,88.8,90.6
2025-08-26,2025-08-26 10:23:52.000,IO2511-C-4900,88.8,88.8,90.6
2025-08-26,2025-08-26 10:23:56.500,IO2511-C-4900,88.8,88.8,90.6
2025-08-26,2025-08-26 10:24:08.000,IO2511-C-4900,88.8,88.8,90.6
2025-08-26,2025-08-26 10:24:09.000,IO2511-C-4900,88.8,88.8,90.6
2025-08-26,2025-08-26 10:24:09.500,IO2511-C-4900,88.8,88.8,90.6
2025-08-26,2025-08-26 10:24:12.000,IO2511-C-4900,88.8,88.8,90.6
2025-08-26,2025-08-26 10:24:28.000,IO2511-C-4900,88.8,88.8,90.6
2025-08-26,2025-08-26 10:24:29.000,IO2511-C-4900,88.8,88.8,90.6
2025-08-26,2025-08-26 10:24:45.500,IO2511-C-4900,88.8,88.8,90.6
2025-08-26,2025-08-26 10:25:01.500,IO2511-C-4900,88.8,88.6,90.4
2025-08-26,2025-08-26 10:25:02.000,IO2511-C-4900,88.8,88.6,90.4
2025-08-26,2025-08-26 10:25:02.500,IO2511-C-4900,88.8,88.6,90.4
2025-08-26,2025-08-26 10:25:03.000,IO2511-C-4900,88.8,88.4,90.4
2025-08-26,2025-08-26 10:25:03.500,IO2511-C-4900,88.8,88.4,90.4
2025-08-26,2025-08-26 10:25:04.000,IO2511-C-4900,88.8,88.4,90.4
2025-08-26,2025-08-26 10:25:04.500,IO2511-C-4900,88.8,88.4,90.4
2025-08-26,2025-08-26 10:25:08.500,IO2511-C-4900,88.8,88.4,90.4
2025-08-26,2025-08-26 10:25:09.000,IO2511-C-4900,88.8,88.4,90.4
2025-08-26,2025-08-26 10:25:10.500,IO2511-C-4900,88.8,88.4,90.4
2025-08-26,2025-08-26 10:25:11.500,IO2511-C-4900,88.8,88.6,90.4
2025-08-26,2025-08-26 10:25:12.000,IO2511-C-4900,88.8,88.6,90.4
2025-08-26,2025-08-26 10:25:22.500,IO2511-C-4900,88.8,88.6,90.4
2025-08-26,2025-08-26 10:25:29.500,IO2511-C-4900,88.8,88.4,90.4
2025-08-26,2025-08-26 10:25:45.000,IO2511-C-4900,88.8,88.4,90.4
2025-08-26,2025-08-26 10:25:51.000,IO2511-C-4900,88.8,88.4,90.4
2025-08-26,2025-08-26 10:25:51.500,IO2511-C-4900,88.8,88.4,90.4
2025-08-26,2025-08-26 10:25:56.000,IO2511-C-4900,88.8,88.4,90.4
2025-08-26,2025-08-26 10:25:59.000,IO2511-C-4900,88.8,88.4,90.4
2025-08-26,2025-08-26 10:26:00.000,IO2511-C-4900,88.8,88.4,90.2
2025-08-26,2025-08-26 10:26:00.500,IO2511-C-4900,88.8,88.2,90.2
2025-08-26,2025-08-26 10:26:01.000,IO2511-C-4900,88.8,88.2,90.2
2025-08-26,2025-08-26 10:26:01.500,IO2511-C-4900,88.8,88.2,90.0
2025-08-26,2025-08-26 10:26:02.000,IO2511-C-4900,88.8,88.2,90.0
2025-08-26,2025-08-26 10:26:02.500,IO2511-C-4900,88.8,88.2,90.0
2025-08-26,2025-08-26 10:26:03.000,IO2511-C-4900,88.8,88.2,90.0
2025-08-26,2025-08-26 10:26:03.500,IO2511-C-4900,88.8,88.2,90.0
2025-08-26,2025-08-26 10:26:04.000,IO2511-C-4900,88.8,88.2,90.0
2025-08-26,2025-08-26 10:26:04.500,IO2511-C-4900,88.8,88.2,90.0
2025-08-26,2025-08-26 10:26:05.000,IO2511-C-4900,88.8,88.0,90.0
2025-08-26,2025-08-26 10:26:05.500,IO2511-C-4900,88.8,88.0,90.0
2025-08-26,2025-08-26 10:26:06.000,IO2511-C-4900,88.8,88.0,90.0
2025-08-26,2025-08-26 10:26:08.000,IO2511-C-4900,88.8,88.0,90.0
2025-08-26,2025-08-26 10:26:08.500,IO2511-C-4900,88.8,88.0,90.0
2025-08-26,2025-08-26 10:26:11.500,IO2511-C-4900,88.8,88.0,90.0
2025-08-26,2025-08-26 10:26:13.000,IO2511-C-4900,88.8,88.0,89.8
2025-08-26,2025-08-26 10:26:13.500,IO2511-C-4900,88.8,87.8,89.8
2025-08-26,2025-08-26 10:26:14.000,IO2511-C-4900,88.8,87.6,89.8
2025-08-26,2025-08-26 10:26:14.500,IO2511-C-4900,88.8,87.6,89.8
2025-08-26,2025-08-26 10:26:16.000,IO2511-C-4900,88.8,87.6,89.6
2025-08-26,2025-08-26 10:26:16.500,IO2511-C-4900,88.8,87.6,89.6
2025-08-26,2025-08-26 10:26:17.000,IO2511-C-4900,88.8,87.6,89.6
2025-08-26,2025-08-26 10:26:18.500,IO2511-C-4900,88.8,87.6,89.6
2025-08-26,2025-08-26 10:26:19.000,IO2511-C-4900,88.8,87.6,89.6
2025-08-26,2025-08-26 10:26:20.500,IO2511-C-4900,88.8,87.6,89.6
2025-08-26,2025-08-26 10:26:22.500,IO2511-C-4900,88.8,87.6,89.6
2025-08-26,2025-08-26 10:26:24.000,IO2511-C-4900,88.8,87.6,89.6
2025-08-26,2025-08-26 10:26:24.500,IO2511-C-4900,88.8,87.6,89.4
2025-08-26,2025-08-26 10:26:25.000,IO2511-C-4900,88.8,87.4,89.4
2025-08-26,2025-08-26 10:26:25.500,IO2511-C-4900,88.8,87.2,89.2
2025-08-26,2025-08-26 10:26:26.000,IO2511-C-4900,88.8,87.2,89.2
2025-08-26,2025-08-26 10:26:26.500,IO2511-C-4900,88.8,87.2,89.2
2025-08-26,2025-08-26 10:26:27.000,IO2511-C-4900,88.8,87.2,89.2
2025-08-26,2025-08-26 10:26:29.500,IO2511-C-4900,88.8,87.2,89.2
2025-08-26,2025-08-26 10:26:30.500,IO2511-C-4900,88.8,87.2,89.2
2025-08-26,2025-08-26 10:26:31.500,IO2511-C-4900,88.8,87.2,89.2
2025-08-26,2025-08-26 10:26:32.000,IO2511-C-4900,88.8,87.2,89.2
2025-08-26,2025-08-26 10:26:32.500,IO2511-C-4900,88.8,87.0,89.2
2025-08-26,2025-08-26 10:26:33.000,IO2511-C-4900,88.8,87.0,89.2
2025-08-26,2025-08-26 10:26:33.500,IO2511-C-4900,88.8,87.0,89.2
2025-08-26,2025-08-26 10:26:34.000,IO2511-C-4900,88.8,87.0,89.2
2025-08-26,2025-08-26 10:26:36.000,IO2511-C-4900,88.8,87.0,89.0
2025-08-26,2025-08-26 10:26:36.500,IO2511-C-4900,88.8,87.0,89.0
2025-08-26,2025-08-26 10:26:37.000,IO2511-C-4900,88.8,86.6,89.0
2025-08-26,2025-08-26 10:26:37.500,IO2511-C-4900,88.8,86.6,89.0
2025-08-26,2025-08-26 10:26:38.000,IO2511-C-4900,88.8,86.6,89.0
2025-08-26,2025-08-26 10:26:38.500,IO2511-C-4900,88.8,86.6,89.0
2025-08-26,2025-08-26 10:26:39.000,IO2511-C-4900,88.8,86.6,89.0
2025-08-26,2025-08-26 10:26:39.500,IO2511-C-4900,88.8,86.6,89.0
2025-08-26,2025-08-26 10:26:45.500,IO2511-C-4900,88.8,86.6,89.0
2025-08-26,2025-08-26 10:26:50.000,IO2511-C-4900,88.8,86.4,88.8
2025-08-26,2025-08-26 10:26:50.500,IO2511-C-4900,88.8,86.2,88.8
2025-08-26,2025-08-26 10:26:51.000,IO2511-C-4900,88.8,86.2,88.8
2025-08-26,2025-08-26 10:26:51.500,IO2511-C-4900,88.8,86.2,88.8
2025-08-26,2025-08-26 10:26:52.000,IO2511-C-4900,88.8,86.2,88.8
2025-08-26,2025-08-26 10:26:55.000,IO2511-C-4900,88.8,86.2,88.6
2025-08-26,2025-08-26 10:26:55.500,IO2511-C-4900,88.8,86.2,88.6
2025-08-26,2025-08-26 10:26:56.000,IO2511-C-4900,88.8,86.0,88.6
2025-08-26,2025-08-26 10:26:56.500,IO2511-C-4900,88.8,86.0,88.6
2025-08-26,2025-08-26 10:26:58.000,IO2511-C-4900,88.8,86.0,88.6
2025-08-26,2025-08-26 10:26:58.500,IO2511-C-4900,88.8,86.0,88.6
2025-08-26,2025-08-26 10:27:00.000,IO2511-C-4900,88.8,86.0,88.6
2025-08-26,2025-08-26 10:27:01.500,IO2511-C-4900,88.8,86.0,88.6
2025-08-26,2025-08-26 10:27:04.500,IO2511-C-4900,88.8,86.2,88.6
2025-08-26,2025-08-26 10:27:05.000,IO2511-C-4900,88.8,86.2,88.6
2025-08-26,2025-08-26 10:27:05.500,IO2511-C-4900,88.8,86.2,88.6
2025-08-26,2025-08-26 10:27:08.000,IO2511-C-4900,88.8,86.2,88.6
2025-08-26,2025-08-26 10:27:08.500,IO2511-C-4900,88.8,86.2,88.6
2025-08-26,2025-08-26 10:27:09.000,IO2511-C-4900,88.8,86.2,88.6
2025-08-26,2025-08-26 10:27:09.500,IO2511-C-4900,88.8,86.2,88.6
2025-08-26,2025-08-26 10:27:16.000,IO2511-C-4900,88.8,86.2,88.6
2025-08-26,2025-08-26 10:27:16.500,IO2511-C-4900,88.8,86.2,88.6
2025-08-26,2025-08-26 10:27:21.500,IO2511-C-4900,88.8,86.2,88.6
2025-08-26,2025-08-26 10:27:22.000,IO2511-C-4900,88.8,86.2,88.4
2025-08-26,2025-08-26 10:27:22.500,IO2511-C-4900,88.8,86.2,88.4
2025-08-26,2025-08-26 10:27:23.000,IO2511-C-4900,88.8,86.2,88.4
2025-08-26,2025-08-26 10:27:24.500,IO2511-C-4900,88.8,86.2,88.4
2025-08-26,2025-08-26 10:27:30.000,IO2511-C-4900,88.8,86.0,88.2
2025-08-26,2025-08-26 10:27:30.500,IO2511-C-4900,88.8,86.0,88.2
2025-08-26,2025-08-26 10:27:39.000,IO2511-C-4900,88.8,86.0,88.2
2025-08-26,2025-08-26 10:27:39.500,IO2511-C-4900,88.8,86.0,88.2
2025-08-26,2025-08-26 10:27:40.500,IO2511-C-4900,88.8,86.0,88.2
2025-08-26,2025-08-26 10:27:41.000,IO2511-C-4900,88.8,86.0,88.2
2025-08-26,2025-08-26 10:27:41.500,IO2511-C-4900,88.8,86.0,88.2
2025-08-26,2025-08-26 10:27:54.500,IO2511-C-4900,88.8,86.0,88.2
2025-08-26,2025-08-26 10:27:55.000,IO2511-C-4900,88.8,86.0,88.2
2025-08-26,2025-08-26 10:27:56.000,IO2511-C-4900,88.8,86.0,88.2
2025-08-26,2025-08-26 10:28:06.500,IO2511-C-4900,88.8,86.0,88.2
2025-08-26,2025-08-26 10:28:14.000,IO2511-C-4900,88.8,86.2,88.4
2025-08-26,2025-08-26 10:28:14.500,IO2511-C-4900,88.8,86.2,88.4
2025-08-26,2025-08-26 10:28:15.500,IO2511-C-4900,88.8,86.2,88.4
2025-08-26,2025-08-26 10:28:16.000,IO2511-C-4900,88.8,86.2,88.4
2025-08-26,2025-08-26 10:28:16.500,IO2511-C-4900,88.8,86.2,88.4
2025-08-26,2025-08-26 10:28:18.000,IO2511-C-4900,88.8,86.2,88.4
2025-08-26,2025-08-26 10:28:20.000,IO2511-C-4900,88.8,86.2,88.4
2025-08-26,2025-08-26 10:28:21.500,IO2511-C-4900,88.8,86.2,88.4
2025-08-26,2025-08-26 10:28:22.500,IO2511-C-4900,88.8,86.2,88.4
2025-08-26,2025-08-26 10:28:25.500,IO2511-C-4900,88.8,86.2,88.6
2025-08-26,2025-08-26 10:28:26.000,IO2511-C-4900,88.8,86.2,88.6
2025-08-26,2025-08-26 10:28:26.500,IO2511-C-4900,88.8,86.2,88.6
2025-08-26,2025-08-26 10:28:31.500,IO2511-C-4900,88.8,86.2,88.6
2025-08-26,2025-08-26 10:28:32.000,IO2511-C-4900,88.8,86.2,88.6
2025-08-26,2025-08-26 10:28:33.000,IO2511-C-4900,88.8,86.2,88.6
2025-08-26,2025-08-26 10:28:33.500,IO2511-C-4900,88.8,86.2,88.6
2025-08-26,2025-08-26 10:28:34.500,IO2511-C-4900,88.8,86.2,88.6
2025-08-26,2025-08-26 10:28:35.000,IO2511-C-4900,88.8,86.2,88.6
2025-08-26,2025-08-26 10:28:35.500,IO2511-C-4900,88.8,86.2,88.6
2025-08-26,2025-08-26 10:28:36.500,IO2511-C-4900,88.8,86.2,88.6
2025-08-26,2025-08-26 10:28:37.000,IO2511-C-4900,88.8,86.2,88.6
2025-08-26,2025-08-26 10:28:37.500,IO2511-C-4900,88.8,86.2,88.6
2025-08-26,2025-08-26 10:28:38.500,IO2511-C-4900,88.8,86.2,88.6
2025-08-26,2025-08-26 10:28:41.000,IO2511-C-4900,88.8,86.2,88.6
2025-08-26,2025-08-26 10:29:01.500,IO2511-C-4900,88.8,86.2,88.6
2025-08-26,2025-08-26 10:29:11.000,IO2511-C-4900,88.8,86.2,88.6
2025-08-26,2025-08-26 10:29:23.500,IO2511-C-4900,88.8,86.2,88.6
2025-08-26,2025-08-26 10:29:34.500,IO2511-C-4900,88.8,86.2,88.6
2025-08-26,2025-08-26 10:29:44.500,IO2511-C-4900,88.8,86.2,88.6
2025-08-26,2025-08-26 10:29:45.000,IO2511-C-4900,88.8,86.2,88.6
2025-08-26,2025-08-26 10:29:49.000,IO2511-C-4900,88.8,86.2,88.6
2025-08-26,2025-08-26 10:29:59.500,IO2511-C-4900,88.8,86.2,88.4
2025-08-26,2025-08-26 10:30:00.000,IO2511-C-4900,88.8,86.2,88.4
2025-08-26,2025-08-26 10:30:02.500,IO2511-C-4900,88.8,86.2,88.4
2025-08-26,2025-08-26 10:30:10.500,IO2511-C-4900,88.8,86.2,88.4
2025-08-26,2025-08-26 10:30:18.000,IO2511-C-4900,88.8,86.2,88.4
2025-08-26,2025-08-26 10:30:18.500,IO2511-C-4900,88.8,86.2,88.2
2025-08-26,2025-08-26 10:30:19.000,IO2511-C-4900,88.8,86.2,88.2
2025-08-26,2025-08-26 10:30:22.000,IO2511-C-4900,88.8,86.2,88.2
2025-08-26,2025-08-26 10:30:29.000,IO2511-C-4900,88.8,86.2,88.2
2025-08-26,2025-08-26 10:30:29.500,IO2511-C-4900,88.8,86.2,88.2
2025-08-26,2025-08-26 10:30:50.500,IO2511-C-4900,88.8,86.2,88.0
2025-08-26,2025-08-26 10:30:51.000,IO2511-C-4900,88.8,86.2,88.0
2025-08-26,2025-08-26 10:30:51.500,IO2511-C-4900,88.8,86.2,88.0
2025-08-26,2025-08-26 10:30:52.500,IO2511-C-4900,88.8,86.2,87.8
2025-08-26,2025-08-26 10:30:53.000,IO2511-C-4900,88.8,86.2,87.8
2025-08-26,2025-08-26 10:30:53.500,IO2511-C-4900,88.8,86.2,87.8
2025-08-26,2025-08-26 10:31:02.000,IO2511-C-4900,88.8,86.0,87.8
2025-08-26,2025-08-26 10:31:07.500,IO2511-C-4900,88.8,86.0,87.8
2025-08-26,2025-08-26 10:31:09.000,IO2511-C-4900,88.8,86.0,87.8
2025-08-26,2025-08-26 10:31:12.000,IO2511-C-4900,88.8,86.0,87.8
2025-08-26,2025-08-26 10:31:33.500,IO2511-C-4900,88.8,86.0,87.6
2025-08-26,2025-08-26 10:31:34.000,IO2511-C-4900,88.8,86.0,87.6
2025-08-26,2025-08-26 10:31:34.500,IO2511-C-4900,88.8,86.0,87.6
2025-08-26,2025-08-26 10:31:55.500,IO2511-C-4900,88.8,86.0,87.6
2025-08-26,2025-08-26 10:31:56.500,IO2511-C-4900,88.8,86.0,87.6
2025-08-26,2025-08-26 10:31:57.000,IO2511-C-4900,88.8,85.6,87.6
2025-08-26,2025-08-26 10:31:57.500,IO2511-C-4900,88.8,85.6,87.6
2025-08-26,2025-08-26 10:31:58.000,IO2511-C-4900,88.8,85.6,87.6
2025-08-26,2025-08-26 10:32:00.500,IO2511-C-4900,88.8,85.4,87.6
2025-08-26,2025-08-26 10:32:01.000,IO2511-C-4900,88.8,85.4,87.6
2025-08-26,2025-08-26 10:32:02.500,IO2511-C-4900,88.8,85.4,87.6
2025-08-26,2025-08-26 10:32:09.000,IO2511-C-4900,88.8,85.4,87.6
2025-08-26,2025-08-26 10:32:10.500,IO2511-C-4900,88.8,85.4,87.6
2025-08-26,2025-08-26 10:32:12.000,IO2511-C-4900,88.8,85.4,87.6
2025-08-26,2025-08-26 10:32:20.000,IO2511-C-4900,88.8,85.4,87.6
2025-08-26,2025-08-26 10:32:21.000,IO2511-C-4900,88.8,85.4,87.4
2025-08-26,2025-08-26 10:32:21.500,IO2511-C-4900,88.8,85.4,87.4
2025-08-26,2025-08-26 10:32:22.000,IO2511-C-4900,88.8,85.4,87.4
2025-08-26,2025-08-26 10:32:22.500,IO2511-C-4900,88.8,85.4,87.4
2025-08-26,2025-08-26 10:32:23.000,IO2511-C-4900,88.8,85.2,87.4
2025-08-26,2025-08-26 10:32:23.500,IO2511-C-4900,88.8,85.2,87.4
2025-08-26,2025-08-26 10:32:24.500,IO2511-C-4900,88.8,85.2,87.4
2025-08-26,2025-08-26 10:32:25.000,IO2511-C-4900,88.8,85.2,87.4
2025-08-26,2025-08-26 10:32:25.500,IO2511-C-4900,88.8,85.2,87.4
2025-08-26,2025-08-26 10:32:26.500,IO2511-C-4900,88.8,85.2,87.4
2025-08-26,2025-08-26 10:32:27.500,IO2511-C-4900,88.8,85.2,87.4
2025-08-26,2025-08-26 10:32:28.500,IO2511-C-4900,88.8,85.2,87.4
2025-08-26,2025-08-26 10:32:32.000,IO2511-C-4900,88.8,85.2,87.2
2025-08-26,2025-08-26 10:32:32.500,IO2511-C-4900,88.8,85.2,87.2
2025-08-26,2025-08-26 10:32:33.000,IO2511-C-4900,88.8,85.2,87.2
2025-08-26,2025-08-26 10:32:33.500,IO2511-C-4900,88.8,85.0,87.2
2025-08-26,2025-08-26 10:32:34.000,IO2511-C-4900,88.8,85.0,87.2
2025-08-26,2025-08-26 10:32:34.500,IO2511-C-4900,88.8,85.0,87.2
2025-08-26,2025-08-26 10:32:35.000,IO2511-C-4900,88.8,85.0,87.2
2025-08-26,2025-08-26 10:32:37.500,IO2511-C-4900,88.8,85.0,87.2
2025-08-26,2025-08-26 10:32:38.000,IO2511-C-4900,88.8,84.8,87.2
2025-08-26,2025-08-26 10:32:38.500,IO2511-C-4900,88.8,84.8,87.2
2025-08-26,2025-08-26 10:32:40.500,IO2511-C-4900,88.8,84.8,87.2
