tradingdate,tradingtime,symbol,lastprice,buyprice01,sellprice01
2025-08-01,2025-08-01 09:29:00.000,IO2508-C-4450,2.2,0.6,2.4
2025-08-01,2025-08-01 09:30:00.500,IO2508-C-4450,2.2,1.4,2.4
2025-08-01,2025-08-01 09:30:01.000,IO2508-C-4450,2.2,1.6,2.4
2025-08-01,2025-08-01 09:30:01.500,IO2508-C-4450,2.2,1.4,2.4
2025-08-01,2025-08-01 09:30:02.000,IO2508-C-4450,2.2,1.4,2.4
2025-08-01,2025-08-01 09:30:02.500,IO2508-C-4450,2.2,0.8,2.4
2025-08-01,2025-08-01 09:30:03.000,IO2508-C-4450,2.2,0.8,2.4
2025-08-01,2025-08-01 09:30:04.500,IO2508-C-4450,2.2,0.8,2.4
2025-08-01,2025-08-01 09:30:09.000,IO2508-C-4450,2.2,1.0,2.2
2025-08-01,2025-08-01 09:30:09.500,IO2508-C-4450,2.2,1.2,2.2
2025-08-01,2025-08-01 09:30:10.000,IO2508-C-4450,2.2,1.4,2.2
2025-08-01,2025-08-01 09:30:10.500,IO2508-C-4450,2.2,1.6,2.2
2025-08-01,2025-08-01 09:30:11.000,IO2508-C-4450,2.2,1.6,2.2
2025-08-01,2025-08-01 09:30:11.500,IO2508-C-4450,2.2,1.6,2.2
2025-08-01,2025-08-01 09:30:12.500,IO2508-C-4450,2.2,1.6,2.2
2025-08-01,2025-08-01 09:30:13.000,IO2508-C-4450,2.2,1.6,2.2
2025-08-01,2025-08-01 09:30:13.500,IO2508-C-4450,2.2,1.6,2.2
2025-08-01,2025-08-01 09:30:14.500,IO2508-C-4450,2.2,1.6,2.2
2025-08-01,2025-08-01 09:30:16.000,IO2508-C-4450,2.2,1.6,2.2
2025-08-01,2025-08-01 09:30:16.500,IO2508-C-4450,2.2,1.6,2.2
2025-08-01,2025-08-01 09:30:17.500,IO2508-C-4450,2.2,1.6,2.2
2025-08-01,2025-08-01 09:30:18.000,IO2508-C-4450,2.2,1.8,2.2
2025-08-01,2025-08-01 09:30:18.500,IO2508-C-4450,2.2,1.6,2.2
2025-08-01,2025-08-01 09:30:19.000,IO2508-C-4450,2.2,1.8,2.2
2025-08-01,2025-08-01 09:30:19.500,IO2508-C-4450,2.2,1.6,2.2
2025-08-01,2025-08-01 09:30:20.000,IO2508-C-4450,2.2,1.8,2.2
2025-08-01,2025-08-01 09:30:20.500,IO2508-C-4450,2.2,1.6,2.2
2025-08-01,2025-08-01 09:30:21.000,IO2508-C-4450,2.2,1.8,2.2
2025-08-01,2025-08-01 09:30:21.500,IO2508-C-4450,2.2,1.8,2.2
2025-08-01,2025-08-01 09:30:22.000,IO2508-C-4450,2.2,2.0,2.2
2025-08-01,2025-08-01 09:30:22.500,IO2508-C-4450,2.2,1.8,2.2
2025-08-01,2025-08-01 09:30:23.000,IO2508-C-4450,2.2,1.8,2.2
2025-08-01,2025-08-01 09:30:23.500,IO2508-C-4450,2.2,1.8,2.2
2025-08-01,2025-08-01 09:30:24.000,IO2508-C-4450,2.2,1.8,2.2
2025-08-01,2025-08-01 09:30:26.000,IO2508-C-4450,2.2,1.8,2.2
2025-08-01,2025-08-01 09:30:26.500,IO2508-C-4450,2.2,1.8,2.2
2025-08-01,2025-08-01 09:30:27.000,IO2508-C-4450,2.2,1.8,2.2
2025-08-01,2025-08-01 09:30:27.500,IO2508-C-4450,2.2,1.8,2.2
2025-08-01,2025-08-01 09:30:28.000,IO2508-C-4450,2.2,1.8,2.2
2025-08-01,2025-08-01 09:30:28.500,IO2508-C-4450,2.2,1.8,2.2
2025-08-01,2025-08-01 09:30:29.000,IO2508-C-4450,2.2,1.8,2.4
2025-08-01,2025-08-01 09:30:29.500,IO2508-C-4450,2.2,1.8,2.4
2025-08-01,2025-08-01 09:30:30.000,IO2508-C-4450,2.2,1.8,2.4
2025-08-01,2025-08-01 09:30:34.500,IO2508-C-4450,2.2,1.8,2.2
2025-08-01,2025-08-01 09:30:35.000,IO2508-C-4450,2.2,1.8,2.2
2025-08-01,2025-08-01 09:30:35.500,IO2508-C-4450,2.2,1.8,2.2
2025-08-01,2025-08-01 09:30:36.500,IO2508-C-4450,2.2,2.0,2.2
2025-08-01,2025-08-01 09:30:37.000,IO2508-C-4450,2.2,2.0,2.2
2025-08-01,2025-08-01 09:30:37.500,IO2508-C-4450,2.2,2.0,2.2
2025-08-01,2025-08-01 09:30:39.000,IO2508-C-4450,2.2,2.0,2.2
2025-08-01,2025-08-01 09:30:39.500,IO2508-C-4450,2.2,2.0,2.2
2025-08-01,2025-08-01 09:30:40.000,IO2508-C-4450,2.2,2.0,2.2
2025-08-01,2025-08-01 09:30:40.500,IO2508-C-4450,2.2,2.0,2.2
2025-08-01,2025-08-01 09:30:41.500,IO2508-C-4450,2.2,2.0,2.2
2025-08-01,2025-08-01 09:30:42.500,IO2508-C-4450,2.2,2.0,2.2
2025-08-01,2025-08-01 09:30:43.000,IO2508-C-4450,2.2,2.0,2.2
2025-08-01,2025-08-01 09:30:44.000,IO2508-C-4450,2.2,2.0,2.2
2025-08-01,2025-08-01 09:30:45.000,IO2508-C-4450,2.2,2.0,2.2
2025-08-01,2025-08-01 09:30:45.500,IO2508-C-4450,2.2,2.0,2.2
2025-08-01,2025-08-01 09:30:47.500,IO2508-C-4450,2.2,2.0,2.2
2025-08-01,2025-08-01 09:30:50.000,IO2508-C-4450,2.2,2.0,2.4
2025-08-01,2025-08-01 09:30:50.500,IO2508-C-4450,2.2,2.0,2.4
2025-08-01,2025-08-01 09:30:52.500,IO2508-C-4450,2.2,2.0,2.4
2025-08-01,2025-08-01 09:30:53.000,IO2508-C-4450,2.2,2.0,2.4
2025-08-01,2025-08-01 09:30:55.000,IO2508-C-4450,2.2,2.0,2.4
2025-08-01,2025-08-01 09:30:57.500,IO2508-C-4450,2.2,2.0,2.4
2025-08-01,2025-08-01 09:30:58.000,IO2508-C-4450,2.2,2.0,2.4
2025-08-01,2025-08-01 09:30:58.500,IO2508-C-4450,2.2,2.0,2.4
2025-08-01,2025-08-01 09:31:08.000,IO2508-C-4450,2.2,2.0,2.2
2025-08-01,2025-08-01 09:31:08.500,IO2508-C-4450,2.2,2.0,2.2
2025-08-01,2025-08-01 09:31:09.000,IO2508-C-4450,2.2,2.0,2.2
2025-08-01,2025-08-01 09:31:09.500,IO2508-C-4450,2.2,2.0,2.4
2025-08-01,2025-08-01 09:31:10.000,IO2508-C-4450,2.2,2.0,2.4
2025-08-01,2025-08-01 09:31:10.500,IO2508-C-4450,2.2,2.0,2.4
2025-08-01,2025-08-01 09:31:14.000,IO2508-C-4450,2.2,2.0,2.4
2025-08-01,2025-08-01 09:31:23.000,IO2508-C-4450,2.2,2.0,2.4
2025-08-01,2025-08-01 09:31:24.500,IO2508-C-4450,2.2,2.0,2.4
2025-08-01,2025-08-01 09:31:25.500,IO2508-C-4450,2.2,2.0,2.4
2025-08-01,2025-08-01 09:31:27.500,IO2508-C-4450,2.2,2.0,2.2
2025-08-01,2025-08-01 09:31:28.000,IO2508-C-4450,2.2,2.0,2.2
2025-08-01,2025-08-01 09:31:28.500,IO2508-C-4450,2.2,2.0,2.2
2025-08-01,2025-08-01 09:31:30.000,IO2508-C-4450,2.2,2.0,2.2
2025-08-01,2025-08-01 09:31:30.500,IO2508-C-4450,2.2,2.0,2.2
2025-08-01,2025-08-01 09:31:31.500,IO2508-C-4450,2.2,2.0,2.2
2025-08-01,2025-08-01 09:31:32.000,IO2508-C-4450,2.2,2.0,2.4
2025-08-01,2025-08-01 09:31:32.500,IO2508-C-4450,2.2,2.0,2.4
2025-08-01,2025-08-01 09:31:36.000,IO2508-C-4450,2.2,2.0,2.4
2025-08-01,2025-08-01 09:31:36.500,IO2508-C-4450,2.2,2.0,2.4
2025-08-01,2025-08-01 09:31:37.000,IO2508-C-4450,2.2,2.0,2.4
2025-08-01,2025-08-01 09:31:43.500,IO2508-C-4450,2.2,2.0,2.4
2025-08-01,2025-08-01 09:32:06.500,IO2508-C-4450,2.2,2.0,2.4
2025-08-01,2025-08-01 09:32:07.000,IO2508-C-4450,2.2,2.0,2.4
2025-08-01,2025-08-01 09:32:25.000,IO2508-C-4450,2.2,2.0,2.4
2025-08-01,2025-08-01 09:32:25.500,IO2508-C-4450,2.2,2.0,2.4
2025-08-01,2025-08-01 09:32:26.000,IO2508-C-4450,2.2,2.0,2.4
2025-08-01,2025-08-01 09:32:26.500,IO2508-C-4450,2.2,2.0,2.4
2025-08-01,2025-08-01 09:32:27.500,IO2508-C-4450,2.2,2.0,2.4
2025-08-01,2025-08-01 09:32:28.000,IO2508-C-4450,2.2,2.0,2.4
2025-08-01,2025-08-01 09:32:30.500,IO2508-C-4450,2.2,2.0,2.4
2025-08-01,2025-08-01 09:32:31.000,IO2508-C-4450,2.2,2.0,2.4
2025-08-01,2025-08-01 09:32:31.500,IO2508-C-4450,2.2,2.0,2.4
2025-08-01,2025-08-01 09:32:32.000,IO2508-C-4450,2.2,2.0,2.4
2025-08-01,2025-08-01 09:32:32.500,IO2508-C-4450,2.2,2.0,2.4
2025-08-01,2025-08-01 09:32:36.500,IO2508-C-4450,2.2,2.0,2.4
2025-08-01,2025-08-01 09:32:37.000,IO2508-C-4450,2.2,2.0,2.4
2025-08-01,2025-08-01 09:32:37.500,IO2508-C-4450,2.2,2.0,2.4
2025-08-01,2025-08-01 09:32:38.000,IO2508-C-4450,2.2,2.0,2.4
2025-08-01,2025-08-01 09:32:38.500,IO2508-C-4450,2.2,2.0,2.4
2025-08-01,2025-08-01 09:32:39.000,IO2508-C-4450,2.2,2.2,2.4
2025-08-01,2025-08-01 09:32:39.500,IO2508-C-4450,2.2,2.2,2.4
2025-08-01,2025-08-01 09:32:40.000,IO2508-C-4450,2.2,2.2,2.4
2025-08-01,2025-08-01 09:32:40.500,IO2508-C-4450,2.2,2.2,2.4
2025-08-01,2025-08-01 09:32:41.000,IO2508-C-4450,2.2,2.2,2.4
2025-08-01,2025-08-01 09:32:42.000,IO2508-C-4450,2.2,2.0,2.4
2025-08-01,2025-08-01 09:32:42.500,IO2508-C-4450,2.2,2.0,2.4
2025-08-01,2025-08-01 09:32:43.000,IO2508-C-4450,2.2,2.0,2.4
2025-08-01,2025-08-01 09:32:50.000,IO2508-C-4450,2.2,2.2,2.4
2025-08-01,2025-08-01 09:32:50.500,IO2508-C-4450,2.2,2.2,2.4
2025-08-01,2025-08-01 09:32:51.000,IO2508-C-4450,2.2,2.2,2.4
2025-08-01,2025-08-01 09:32:57.500,IO2508-C-4450,2.2,2.2,2.4
2025-08-01,2025-08-01 09:32:58.000,IO2508-C-4450,2.2,2.2,2.4
2025-08-01,2025-08-01 09:32:59.000,IO2508-C-4450,2.2,2.2,2.4
2025-08-01,2025-08-01 09:32:59.500,IO2508-C-4450,2.2,2.2,2.4
2025-08-01,2025-08-01 09:33:00.000,IO2508-C-4450,2.2,2.2,2.4
2025-08-01,2025-08-01 09:33:06.500,IO2508-C-4450,2.2,2.2,2.4
2025-08-01,2025-08-01 09:33:07.000,IO2508-C-4450,2.2,2.2,2.4
2025-08-01,2025-08-01 09:33:08.500,IO2508-C-4450,2.2,2.2,2.4
2025-08-01,2025-08-01 09:33:12.000,IO2508-C-4450,2.2,2.2,2.4
2025-08-01,2025-08-01 09:33:12.500,IO2508-C-4450,2.2,2.2,2.4
2025-08-01,2025-08-01 09:33:13.000,IO2508-C-4450,2.2,2.2,2.4
2025-08-01,2025-08-01 09:33:13.500,IO2508-C-4450,2.2,2.2,2.4
2025-08-01,2025-08-01 09:33:14.000,IO2508-C-4450,2.2,2.2,2.4
2025-08-01,2025-08-01 09:33:36.500,IO2508-C-4450,2.2,2.2,2.4
2025-08-01,2025-08-01 09:33:37.000,IO2508-C-4450,2.2,2.2,2.4
2025-08-01,2025-08-01 09:33:37.500,IO2508-C-4450,2.2,2.2,2.4
2025-08-01,2025-08-01 09:34:06.500,IO2508-C-4450,2.2,2.2,2.4
2025-08-01,2025-08-01 09:34:07.000,IO2508-C-4450,2.2,2.2,2.4
2025-08-01,2025-08-01 09:34:07.500,IO2508-C-4450,2.2,2.2,2.4
2025-08-01,2025-08-01 09:34:15.500,IO2508-C-4450,2.2,2.2,2.4
2025-08-01,2025-08-01 09:34:16.500,IO2508-C-4450,2.2,2.2,2.4
2025-08-01,2025-08-01 09:34:17.000,IO2508-C-4450,2.2,2.2,2.4
2025-08-01,2025-08-01 09:34:18.000,IO2508-C-4450,2.2,2.2,2.4
2025-08-01,2025-08-01 09:34:18.500,IO2508-C-4450,2.2,2.2,2.4
2025-08-01,2025-08-01 09:34:19.000,IO2508-C-4450,2.2,2.2,2.4
2025-08-01,2025-08-01 09:34:20.000,IO2508-C-4450,2.2,2.2,2.4
2025-08-01,2025-08-01 09:34:20.500,IO2508-C-4450,2.2,2.2,2.4
2025-08-01,2025-08-01 09:34:36.500,IO2508-C-4450,2.2,2.2,2.4
2025-08-01,2025-08-01 09:34:37.000,IO2508-C-4450,2.2,2.2,2.4
2025-08-01,2025-08-01 09:34:37.500,IO2508-C-4450,2.2,2.2,2.4
2025-08-01,2025-08-01 09:34:45.500,IO2508-C-4450,2.2,2.2,2.4
2025-08-01,2025-08-01 09:34:46.000,IO2508-C-4450,2.2,2.2,2.4
2025-08-01,2025-08-01 09:34:47.500,IO2508-C-4450,2.2,2.2,2.4
2025-08-01,2025-08-01 09:34:50.000,IO2508-C-4450,2.2,2.2,2.4
2025-08-01,2025-08-01 09:34:51.500,IO2508-C-4450,2.2,2.2,2.4
2025-08-01,2025-08-01 09:35:02.500,IO2508-C-4450,2.4,2.2,2.4
2025-08-01,2025-08-01 09:35:03.000,IO2508-C-4450,2.4,2.2,2.4
2025-08-01,2025-08-01 09:35:05.000,IO2508-C-4450,2.4,2.2,2.4
2025-08-01,2025-08-01 09:35:06.500,IO2508-C-4450,2.4,2.2,2.4
2025-08-01,2025-08-01 09:35:07.000,IO2508-C-4450,2.4,2.2,2.4
2025-08-01,2025-08-01 09:35:24.500,IO2508-C-4450,2.4,2.2,2.4
2025-08-01,2025-08-01 09:35:36.500,IO2508-C-4450,2.4,2.2,2.4
2025-08-01,2025-08-01 09:35:37.000,IO2508-C-4450,2.4,2.2,2.4
2025-08-01,2025-08-01 09:35:46.500,IO2508-C-4450,2.4,2.2,2.4
2025-08-01,2025-08-01 09:35:51.000,IO2508-C-4450,2.4,2.2,2.4
2025-08-01,2025-08-01 09:35:54.500,IO2508-C-4450,2.4,2.2,2.4
2025-08-01,2025-08-01 09:35:55.000,IO2508-C-4450,2.4,2.2,2.4
2025-08-01,2025-08-01 09:35:56.500,IO2508-C-4450,2.4,2.2,2.4
2025-08-01,2025-08-01 09:35:57.000,IO2508-C-4450,2.4,2.2,2.4
2025-08-01,2025-08-01 09:36:00.500,IO2508-C-4450,2.4,2.2,2.4
2025-08-01,2025-08-01 09:36:03.000,IO2508-C-4450,2.4,2.2,2.4
2025-08-01,2025-08-01 09:36:05.500,IO2508-C-4450,2.4,2.2,2.4
2025-08-01,2025-08-01 09:36:06.500,IO2508-C-4450,2.4,2.2,2.4
2025-08-01,2025-08-01 09:36:07.000,IO2508-C-4450,2.4,2.2,2.4
2025-08-01,2025-08-01 09:36:24.500,IO2508-C-4450,2.4,2.2,2.4
2025-08-01,2025-08-01 09:36:25.500,IO2508-C-4450,2.4,2.2,2.4
2025-08-01,2025-08-01 09:36:36.500,IO2508-C-4450,2.4,2.2,2.4
2025-08-01,2025-08-01 09:36:37.000,IO2508-C-4450,2.4,2.2,2.4
2025-08-01,2025-08-01 09:36:37.500,IO2508-C-4450,2.4,2.2,2.4
2025-08-01,2025-08-01 09:36:38.000,IO2508-C-4450,2.4,2.2,2.4
2025-08-01,2025-08-01 09:36:57.500,IO2508-C-4450,2.4,2.2,2.4
2025-08-01,2025-08-01 09:36:58.000,IO2508-C-4450,2.4,2.2,2.4
2025-08-01,2025-08-01 09:37:01.500,IO2508-C-4450,2.4,2.2,2.4
2025-08-01,2025-08-01 09:37:04.000,IO2508-C-4450,2.4,2.2,2.4
2025-08-01,2025-08-01 09:37:06.500,IO2508-C-4450,2.4,2.2,2.4
2025-08-01,2025-08-01 09:37:07.000,IO2508-C-4450,2.4,2.2,2.4
2025-08-01,2025-08-01 09:37:07.500,IO2508-C-4450,2.4,2.2,2.4
2025-08-01,2025-08-01 09:37:10.500,IO2508-C-4450,2.4,2.2,2.4
2025-08-01,2025-08-01 09:37:11.000,IO2508-C-4450,2.4,2.2,2.4
2025-08-01,2025-08-01 09:37:12.000,IO2508-C-4450,2.4,2.2,2.4
2025-08-01,2025-08-01 09:37:20.000,IO2508-C-4450,2.4,2.2,2.4
2025-08-01,2025-08-01 09:37:36.500,IO2508-C-4450,2.4,2.2,2.4
2025-08-01,2025-08-01 09:37:37.000,IO2508-C-4450,2.4,2.2,2.4
2025-08-01,2025-08-01 09:37:37.500,IO2508-C-4450,2.4,2.2,2.4
2025-08-01,2025-08-01 09:37:52.500,IO2508-C-4450,2.4,2.2,2.4
2025-08-01,2025-08-01 09:37:58.000,IO2508-C-4450,2.4,2.2,2.4
2025-08-01,2025-08-01 09:38:00.000,IO2508-C-4450,2.4,2.2,2.4
2025-08-01,2025-08-01 09:38:03.500,IO2508-C-4450,2.4,2.2,2.4
2025-08-01,2025-08-01 09:38:04.000,IO2508-C-4450,2.4,2.2,2.4
2025-08-01,2025-08-01 09:38:04.500,IO2508-C-4450,2.4,2.2,2.4
2025-08-01,2025-08-01 09:38:06.500,IO2508-C-4450,2.4,2.2,2.4
2025-08-01,2025-08-01 09:38:07.000,IO2508-C-4450,2.4,2.2,2.4
2025-08-01,2025-08-01 09:38:07.500,IO2508-C-4450,2.4,2.2,2.4
2025-08-01,2025-08-01 09:38:12.000,IO2508-C-4450,2.4,2.2,2.4
2025-08-01,2025-08-01 09:38:36.500,IO2508-C-4450,2.4,2.2,2.4
2025-08-01,2025-08-01 09:38:37.000,IO2508-C-4450,2.4,2.2,2.4
2025-08-01,2025-08-01 09:38:37.500,IO2508-C-4450,2.4,2.2,2.4
2025-08-01,2025-08-01 09:38:42.500,IO2508-C-4450,2.4,2.2,2.4
2025-08-01,2025-08-01 09:38:50.000,IO2508-C-4450,2.4,2.2,2.4
2025-08-01,2025-08-01 09:38:51.000,IO2508-C-4450,2.4,2.2,2.4
2025-08-01,2025-08-01 09:38:57.000,IO2508-C-4450,2.4,2.2,2.4
2025-08-01,2025-08-01 09:38:58.000,IO2508-C-4450,2.4,2.2,2.4
2025-08-01,2025-08-01 09:39:02.000,IO2508-C-4450,2.4,2.2,2.4
2025-08-01,2025-08-01 09:39:04.000,IO2508-C-4450,2.4,2.2,2.4
2025-08-01,2025-08-01 09:39:06.000,IO2508-C-4450,2.4,2.2,2.4
2025-08-01,2025-08-01 09:39:06.500,IO2508-C-4450,2.4,2.2,2.4
2025-08-01,2025-08-01 09:39:07.000,IO2508-C-4450,2.4,2.2,2.4
2025-08-01,2025-08-01 09:39:11.500,IO2508-C-4450,2.4,2.2,2.4
2025-08-01,2025-08-01 09:39:14.000,IO2508-C-4450,2.4,2.2,2.4
2025-08-01,2025-08-01 09:39:21.000,IO2508-C-4450,2.4,2.2,2.4
2025-08-01,2025-08-01 09:39:22.500,IO2508-C-4450,2.4,2.2,2.4
2025-08-01,2025-08-01 09:39:36.500,IO2508-C-4450,2.4,2.2,2.4
2025-08-01,2025-08-01 09:39:37.000,IO2508-C-4450,2.4,2.2,2.4
2025-08-01,2025-08-01 09:39:37.500,IO2508-C-4450,2.4,2.2,2.4
2025-08-01,2025-08-01 09:40:06.500,IO2508-C-4450,2.4,2.2,2.4
2025-08-01,2025-08-01 09:40:07.000,IO2508-C-4450,2.4,2.2,2.4
2025-08-01,2025-08-01 09:40:07.500,IO2508-C-4450,2.4,2.2,2.4
2025-08-01,2025-08-01 09:40:08.000,IO2508-C-4450,2.4,2.2,2.4
2025-08-01,2025-08-01 09:40:09.000,IO2508-C-4450,2.4,2.2,2.4
2025-08-01,2025-08-01 09:40:23.000,IO2508-C-4450,2.4,2.2,2.4
2025-08-01,2025-08-01 09:40:24.000,IO2508-C-4450,2.4,2.2,2.4
2025-08-01,2025-08-01 09:40:24.500,IO2508-C-4450,2.4,2.2,2.4
2025-08-01,2025-08-01 09:40:25.000,IO2508-C-4450,2.4,2.2,2.4
2025-08-01,2025-08-01 09:40:25.500,IO2508-C-4450,2.4,2.2,2.4
2025-08-01,2025-08-01 09:40:36.500,IO2508-C-4450,2.4,2.2,2.4
2025-08-01,2025-08-01 09:40:37.000,IO2508-C-4450,2.4,2.2,2.4
2025-08-01,2025-08-01 09:40:37.500,IO2508-C-4450,2.4,2.2,2.4
2025-08-01,2025-08-01 09:40:38.000,IO2508-C-4450,2.4,2.2,2.4
2025-08-01,2025-08-01 09:40:41.000,IO2508-C-4450,2.4,2.2,2.4
2025-08-01,2025-08-01 09:40:41.500,IO2508-C-4450,2.4,2.2,2.4
2025-08-01,2025-08-01 09:40:55.500,IO2508-C-4450,2.4,2.2,2.4
2025-08-01,2025-08-01 09:41:05.500,IO2508-C-4450,2.4,2.2,2.4
2025-08-01,2025-08-01 09:41:06.000,IO2508-C-4450,2.4,2.2,2.4
2025-08-01,2025-08-01 09:41:06.500,IO2508-C-4450,2.4,2.2,2.4
2025-08-01,2025-08-01 09:41:07.000,IO2508-C-4450,2.4,2.2,2.4
2025-08-01,2025-08-01 09:41:24.000,IO2508-C-4450,2.4,2.2,2.4
2025-08-01,2025-08-01 09:41:26.500,IO2508-C-4450,2.4,2.2,2.4
2025-08-01,2025-08-01 09:41:36.000,IO2508-C-4450,2.4,2.2,2.4
2025-08-01,2025-08-01 09:41:36.500,IO2508-C-4450,2.4,2.2,2.4
2025-08-01,2025-08-01 09:41:37.000,IO2508-C-4450,2.4,2.2,2.4
2025-08-01,2025-08-01 09:41:37.500,IO2508-C-4450,2.4,2.2,2.4
2025-08-01,2025-08-01 09:41:41.500,IO2508-C-4450,2.4,2.2,2.4
2025-08-01,2025-08-01 09:41:42.500,IO2508-C-4450,2.4,2.2,2.4
2025-08-01,2025-08-01 09:41:43.000,IO2508-C-4450,2.4,2.2,2.4
2025-08-01,2025-08-01 09:41:44.500,IO2508-C-4450,2.4,2.2,2.4
2025-08-01,2025-08-01 09:41:45.500,IO2508-C-4450,2.4,2.2,2.4
2025-08-01,2025-08-01 09:41:53.000,IO2508-C-4450,2.4,2.2,2.4
2025-08-01,2025-08-01 09:41:56.500,IO2508-C-4450,2.4,2.2,2.4
2025-08-01,2025-08-01 09:42:06.500,IO2508-C-4450,2.4,2.2,2.4
2025-08-01,2025-08-01 09:42:07.000,IO2508-C-4450,2.4,2.2,2.4
2025-08-01,2025-08-01 09:42:14.000,IO2508-C-4450,2.4,2.2,2.4
2025-08-01,2025-08-01 09:42:14.500,IO2508-C-4450,2.4,2.2,2.4
2025-08-01,2025-08-01 09:42:16.500,IO2508-C-4450,2.4,2.2,2.4
2025-08-01,2025-08-01 09:42:17.000,IO2508-C-4450,2.4,2.2,2.4
2025-08-01,2025-08-01 09:42:19.000,IO2508-C-4450,2.4,2.2,2.4
2025-08-01,2025-08-01 09:42:20.000,IO2508-C-4450,2.4,2.2,2.4
2025-08-01,2025-08-01 09:42:20.500,IO2508-C-4450,2.4,2.2,2.4
2025-08-01,2025-08-01 09:42:21.000,IO2508-C-4450,2.4,2.2,2.4
2025-08-01,2025-08-01 09:42:24.000,IO2508-C-4450,2.4,2.2,2.4
2025-08-01,2025-08-01 09:42:25.000,IO2508-C-4450,2.4,2.2,2.4
2025-08-01,2025-08-01 09:42:28.000,IO2508-C-4450,2.4,2.2,2.4
2025-08-01,2025-08-01 09:42:32.500,IO2508-C-4450,2.4,2.2,2.4
2025-08-01,2025-08-01 09:42:36.000,IO2508-C-4450,2.4,2.2,2.4
2025-08-01,2025-08-01 09:42:36.500,IO2508-C-4450,2.4,2.2,2.4
2025-08-01,2025-08-01 09:42:37.000,IO2508-C-4450,2.4,2.2,2.4
2025-08-01,2025-08-01 09:42:37.500,IO2508-C-4450,2.4,2.2,2.4
2025-08-01,2025-08-01 09:42:58.500,IO2508-C-4450,2.4,2.2,2.4
2025-08-01,2025-08-01 09:42:59.000,IO2508-C-4450,2.4,2.2,2.4
2025-08-01,2025-08-01 09:43:06.500,IO2508-C-4450,2.4,2.2,2.4
2025-08-01,2025-08-01 09:43:07.000,IO2508-C-4450,2.4,2.2,2.4
2025-08-01,2025-08-01 09:43:10.000,IO2508-C-4450,2.4,2.2,2.4
2025-08-01,2025-08-01 09:43:10.500,IO2508-C-4450,2.4,2.2,2.4
2025-08-01,2025-08-01 09:43:11.000,IO2508-C-4450,2.4,2.2,2.4
2025-08-01,2025-08-01 09:43:14.000,IO2508-C-4450,2.4,2.2,2.4
2025-08-01,2025-08-01 09:43:21.000,IO2508-C-4450,2.4,2.2,2.4
2025-08-01,2025-08-01 09:43:21.500,IO2508-C-4450,2.4,2.2,2.4
2025-08-01,2025-08-01 09:43:22.000,IO2508-C-4450,2.4,2.2,2.4
2025-08-01,2025-08-01 09:43:23.500,IO2508-C-4450,2.4,2.2,2.4
2025-08-01,2025-08-01 09:43:24.000,IO2508-C-4450,2.4,2.2,2.4
2025-08-01,2025-08-01 09:43:26.000,IO2508-C-4450,2.4,2.2,2.4
2025-08-01,2025-08-01 09:43:26.500,IO2508-C-4450,2.4,2.2,2.4
2025-08-01,2025-08-01 09:43:28.500,IO2508-C-4450,2.4,2.2,2.4
2025-08-01,2025-08-01 09:43:31.000,IO2508-C-4450,2.4,2.2,2.4
2025-08-01,2025-08-01 09:43:32.000,IO2508-C-4450,2.4,2.2,2.4
2025-08-01,2025-08-01 09:43:36.500,IO2508-C-4450,2.4,2.2,2.4
2025-08-01,2025-08-01 09:43:37.000,IO2508-C-4450,2.4,2.2,2.4
2025-08-01,2025-08-01 09:43:40.500,IO2508-C-4450,2.4,2.2,2.4
2025-08-01,2025-08-01 09:43:42.000,IO2508-C-4450,2.4,2.2,2.4
2025-08-01,2025-08-01 09:44:02.000,IO2508-C-4450,2.4,2.2,2.4
2025-08-01,2025-08-01 09:44:04.500,IO2508-C-4450,2.4,2.2,2.4
2025-08-01,2025-08-01 09:44:06.500,IO2508-C-4450,2.4,2.2,2.4
2025-08-01,2025-08-01 09:44:07.000,IO2508-C-4450,2.4,2.2,2.4
2025-08-01,2025-08-01 09:44:07.500,IO2508-C-4450,2.4,2.2,2.4
2025-08-01,2025-08-01 09:44:12.000,IO2508-C-4450,2.4,2.2,2.4
2025-08-01,2025-08-01 09:44:12.500,IO2508-C-4450,2.4,2.2,2.4
2025-08-01,2025-08-01 09:44:28.500,IO2508-C-4450,2.4,2.2,2.4
2025-08-01,2025-08-01 09:44:36.500,IO2508-C-4450,2.4,2.2,2.4
2025-08-01,2025-08-01 09:44:37.000,IO2508-C-4450,2.4,2.2,2.4
2025-08-01,2025-08-01 09:44:37.500,IO2508-C-4450,2.4,2.2,2.4
2025-08-01,2025-08-01 09:44:56.000,IO2508-C-4450,2.4,2.2,2.4
2025-08-01,2025-08-01 09:44:58.000,IO2508-C-4450,2.4,2.2,2.4
2025-08-01,2025-08-01 09:45:04.000,IO2508-C-4450,2.4,2.2,2.4
2025-08-01,2025-08-01 09:45:06.500,IO2508-C-4450,2.4,2.2,2.4
2025-08-01,2025-08-01 09:45:07.000,IO2508-C-4450,2.4,2.2,2.4
2025-08-01,2025-08-01 09:45:07.500,IO2508-C-4450,2.4,2.2,2.4
2025-08-01,2025-08-01 09:45:23.000,IO2508-C-4450,2.4,2.2,2.4
2025-08-01,2025-08-01 09:45:36.500,IO2508-C-4450,2.4,2.2,2.4
2025-08-01,2025-08-01 09:45:37.000,IO2508-C-4450,2.4,2.2,2.4
2025-08-01,2025-08-01 09:45:37.500,IO2508-C-4450,2.4,2.2,2.4
2025-08-01,2025-08-01 09:46:06.500,IO2508-C-4450,2.4,2.2,2.4
2025-08-01,2025-08-01 09:46:07.000,IO2508-C-4450,2.4,2.2,2.4
2025-08-01,2025-08-01 09:46:07.500,IO2508-C-4450,2.4,2.2,2.4
2025-08-01,2025-08-01 09:46:29.500,IO2508-C-4450,2.4,2.2,2.4
2025-08-01,2025-08-01 09:46:30.000,IO2508-C-4450,2.2,2.2,2.4
2025-08-01,2025-08-01 09:46:30.500,IO2508-C-4450,2.2,2.2,2.4
2025-08-01,2025-08-01 09:46:31.000,IO2508-C-4450,2.2,2.2,2.4
2025-08-01,2025-08-01 09:46:31.500,IO2508-C-4450,2.2,2.2,2.4
2025-08-01,2025-08-01 09:46:32.500,IO2508-C-4450,2.2,2.2,2.4
2025-08-01,2025-08-01 09:46:34.000,IO2508-C-4450,2.2,2.2,2.4
2025-08-01,2025-08-01 09:46:35.500,IO2508-C-4450,2.2,2.2,2.4
2025-08-01,2025-08-01 09:46:36.000,IO2508-C-4450,2.2,2.2,2.4
2025-08-01,2025-08-01 09:46:36.500,IO2508-C-4450,2.2,2.0,2.4
2025-08-01,2025-08-01 09:46:37.000,IO2508-C-4450,2.2,2.0,2.4
2025-08-01,2025-08-01 09:46:37.500,IO2508-C-4450,2.2,2.0,2.4
2025-08-01,2025-08-01 09:46:45.000,IO2508-C-4450,2.2,2.0,2.2
2025-08-01,2025-08-01 09:46:45.500,IO2508-C-4450,2.2,2.0,2.2
2025-08-01,2025-08-01 09:46:46.000,IO2508-C-4450,2.2,2.0,2.2
2025-08-01,2025-08-01 09:46:46.500,IO2508-C-4450,2.2,2.0,2.2
2025-08-01,2025-08-01 09:46:47.500,IO2508-C-4450,2.2,2.0,2.2
2025-08-01,2025-08-01 09:46:48.000,IO2508-C-4450,2.2,2.0,2.2
2025-08-01,2025-08-01 09:46:49.000,IO2508-C-4450,2.2,2.0,2.2
2025-08-01,2025-08-01 09:46:49.500,IO2508-C-4450,2.2,2.0,2.2
2025-08-01,2025-08-01 09:46:50.000,IO2508-C-4450,2.2,2.0,2.2
2025-08-01,2025-08-01 09:46:51.000,IO2508-C-4450,2.2,2.0,2.2
2025-08-01,2025-08-01 09:46:52.000,IO2508-C-4450,2.2,2.0,2.2
2025-08-01,2025-08-01 09:46:55.000,IO2508-C-4450,2.2,2.0,2.2
2025-08-01,2025-08-01 09:46:56.000,IO2508-C-4450,2.2,2.0,2.2
2025-08-01,2025-08-01 09:46:57.000,IO2508-C-4450,2.2,2.0,2.2
2025-08-01,2025-08-01 09:46:58.000,IO2508-C-4450,2.2,2.0,2.2
2025-08-01,2025-08-01 09:47:01.000,IO2508-C-4450,2.2,2.0,2.2
2025-08-01,2025-08-01 09:47:02.000,IO2508-C-4450,2.2,2.0,2.2
2025-08-01,2025-08-01 09:47:06.500,IO2508-C-4450,2.2,2.0,2.2
2025-08-01,2025-08-01 09:47:07.000,IO2508-C-4450,2.2,2.0,2.2
2025-08-01,2025-08-01 09:47:07.500,IO2508-C-4450,2.2,2.0,2.2
2025-08-01,2025-08-01 09:47:10.000,IO2508-C-4450,2.2,2.0,2.2
2025-08-01,2025-08-01 09:47:14.500,IO2508-C-4450,2.2,2.0,2.2
2025-08-01,2025-08-01 09:47:17.500,IO2508-C-4450,2.2,2.0,2.2
2025-08-01,2025-08-01 09:47:30.500,IO2508-C-4450,2.2,2.0,2.2
2025-08-01,2025-08-01 09:47:36.500,IO2508-C-4450,2.2,2.0,2.2
2025-08-01,2025-08-01 09:47:37.000,IO2508-C-4450,2.2,2.0,2.2
2025-08-01,2025-08-01 09:47:38.500,IO2508-C-4450,2.2,2.0,2.2
2025-08-01,2025-08-01 09:47:54.500,IO2508-C-4450,2.2,2.0,2.2
2025-08-01,2025-08-01 09:47:55.000,IO2508-C-4450,2.2,2.0,2.2
2025-08-01,2025-08-01 09:48:00.500,IO2508-C-4450,2.2,2.0,2.2
2025-08-01,2025-08-01 09:48:04.000,IO2508-C-4450,2.2,2.0,2.2
2025-08-01,2025-08-01 09:48:06.500,IO2508-C-4450,2.2,2.0,2.2
2025-08-01,2025-08-01 09:48:07.000,IO2508-C-4450,2.2,2.0,2.2
2025-08-01,2025-08-01 09:48:17.000,IO2508-C-4450,2.2,2.0,2.2
2025-08-01,2025-08-01 09:48:17.500,IO2508-C-4450,2.2,2.0,2.2
2025-08-01,2025-08-01 09:48:19.000,IO2508-C-4450,2.2,2.0,2.2
2025-08-01,2025-08-01 09:48:20.000,IO2508-C-4450,2.2,2.0,2.2
2025-08-01,2025-08-01 09:48:32.500,IO2508-C-4450,2.2,2.0,2.2
2025-08-01,2025-08-01 09:48:36.500,IO2508-C-4450,2.2,2.0,2.2
2025-08-01,2025-08-01 09:48:37.000,IO2508-C-4450,2.2,2.0,2.2
2025-08-01,2025-08-01 09:48:37.500,IO2508-C-4450,2.2,2.0,2.2
2025-08-01,2025-08-01 09:48:39.500,IO2508-C-4450,2.2,2.0,2.2
2025-08-01,2025-08-01 09:48:45.500,IO2508-C-4450,2.2,2.0,2.2
2025-08-01,2025-08-01 09:48:46.000,IO2508-C-4450,2.2,2.0,2.2
2025-08-01,2025-08-01 09:48:46.500,IO2508-C-4450,2.2,2.0,2.2
2025-08-01,2025-08-01 09:48:47.000,IO2508-C-4450,2.2,2.0,2.2
2025-08-01,2025-08-01 09:48:49.500,IO2508-C-4450,2.2,2.0,2.2
2025-08-01,2025-08-01 09:48:55.000,IO2508-C-4450,2.2,2.0,2.2
2025-08-01,2025-08-01 09:48:58.500,IO2508-C-4450,2.2,2.0,2.2
2025-08-01,2025-08-01 09:48:59.000,IO2508-C-4450,2.2,2.0,2.2
2025-08-01,2025-08-01 09:48:59.500,IO2508-C-4450,2.2,2.0,2.2
2025-08-01,2025-08-01 09:49:00.000,IO2508-C-4450,2.2,2.0,2.2
2025-08-01,2025-08-01 09:49:10.500,IO2508-C-4450,2.2,2.0,2.2
2025-08-01,2025-08-01 09:49:14.000,IO2508-C-4450,2.2,2.0,2.2
2025-08-01,2025-08-01 09:49:14.500,IO2508-C-4450,2.2,2.0,2.2
2025-08-01,2025-08-01 09:49:18.000,IO2508-C-4450,2.2,2.0,2.2
2025-08-01,2025-08-01 09:49:19.000,IO2508-C-4450,2.2,1.8,2.2
2025-08-01,2025-08-01 09:49:19.500,IO2508-C-4450,2.2,1.8,2.2
2025-08-01,2025-08-01 09:49:20.000,IO2508-C-4450,2.2,1.8,2.2
2025-08-01,2025-08-01 09:49:20.500,IO2508-C-4450,2.2,1.8,2.2
2025-08-01,2025-08-01 09:49:21.000,IO2508-C-4450,2.2,1.8,2.2
2025-08-01,2025-08-01 09:49:24.500,IO2508-C-4450,2.2,1.8,2.2
2025-08-01,2025-08-01 09:49:25.000,IO2508-C-4450,2.2,1.8,2.2
2025-08-01,2025-08-01 09:49:25.500,IO2508-C-4450,2.2,1.8,2.2
2025-08-01,2025-08-01 09:49:27.500,IO2508-C-4450,2.2,1.8,2.2
2025-08-01,2025-08-01 09:49:29.500,IO2508-C-4450,2.2,1.8,2.2
2025-08-01,2025-08-01 09:49:32.500,IO2508-C-4450,2.2,1.8,2.2
2025-08-01,2025-08-01 09:49:33.000,IO2508-C-4450,2.2,1.8,2.2
2025-08-01,2025-08-01 09:49:34.500,IO2508-C-4450,2.2,1.8,2.2
2025-08-01,2025-08-01 09:49:35.500,IO2508-C-4450,2.2,1.8,2.2
2025-08-01,2025-08-01 09:49:36.500,IO2508-C-4450,2.2,1.8,2.2
2025-08-01,2025-08-01 09:49:37.000,IO2508-C-4450,2.2,1.8,2.2
2025-08-01,2025-08-01 09:49:42.000,IO2508-C-4450,2.2,1.8,2.2
2025-08-01,2025-08-01 09:49:43.500,IO2508-C-4450,2.2,1.8,2.2
2025-08-01,2025-08-01 09:49:45.000,IO2508-C-4450,2.2,1.8,2.2
2025-08-01,2025-08-01 09:49:48.500,IO2508-C-4450,2.2,1.8,2.2
2025-08-01,2025-08-01 09:49:49.000,IO2508-C-4450,2.2,1.8,2.2
2025-08-01,2025-08-01 09:49:49.500,IO2508-C-4450,2.2,1.8,2.2
2025-08-01,2025-08-01 09:49:52.000,IO2508-C-4450,2.2,1.8,2.2
2025-08-01,2025-08-01 09:49:56.000,IO2508-C-4450,2.2,1.8,2.2
2025-08-01,2025-08-01 09:49:56.500,IO2508-C-4450,2.2,1.8,2.2
2025-08-01,2025-08-01 09:49:57.000,IO2508-C-4450,2.2,1.8,2.2
2025-08-01,2025-08-01 09:49:59.500,IO2508-C-4450,2.2,1.8,2.2
2025-08-01,2025-08-01 09:50:01.000,IO2508-C-4450,2.2,1.8,2.2
2025-08-01,2025-08-01 09:50:01.500,IO2508-C-4450,2.2,1.8,2.2
2025-08-01,2025-08-01 09:50:03.000,IO2508-C-4450,2.2,1.8,2.2
2025-08-01,2025-08-01 09:50:04.500,IO2508-C-4450,2.2,1.8,2.2
2025-08-01,2025-08-01 09:50:05.000,IO2508-C-4450,2.2,1.8,2.2
2025-08-01,2025-08-01 09:50:05.500,IO2508-C-4450,2.2,1.8,2.2
2025-08-01,2025-08-01 09:50:06.500,IO2508-C-4450,2.2,1.8,2.2
2025-08-01,2025-08-01 09:50:07.000,IO2508-C-4450,2.2,1.8,2.2
2025-08-01,2025-08-01 09:50:07.500,IO2508-C-4450,2.2,1.8,2.2
2025-08-01,2025-08-01 09:50:08.000,IO2508-C-4450,2.2,1.8,2.2
2025-08-01,2025-08-01 09:50:08.500,IO2508-C-4450,2.2,1.8,2.2
2025-08-01,2025-08-01 09:50:09.000,IO2508-C-4450,2.2,1.8,2.2
2025-08-01,2025-08-01 09:50:09.500,IO2508-C-4450,2.2,1.8,2.2
2025-08-01,2025-08-01 09:50:10.000,IO2508-C-4450,2.2,1.8,2.2
2025-08-01,2025-08-01 09:50:13.500,IO2508-C-4450,2.2,1.8,2.2
2025-08-01,2025-08-01 09:50:14.500,IO2508-C-4450,2.2,1.8,2.2
2025-08-01,2025-08-01 09:50:15.000,IO2508-C-4450,2.2,1.8,2.2
2025-08-01,2025-08-01 09:50:17.500,IO2508-C-4450,2.2,1.8,2.2
2025-08-01,2025-08-01 09:50:18.000,IO2508-C-4450,2.2,1.8,2.2
2025-08-01,2025-08-01 09:50:18.500,IO2508-C-4450,2.2,1.8,2.2
2025-08-01,2025-08-01 09:50:19.000,IO2508-C-4450,2.2,1.8,2.2
2025-08-01,2025-08-01 09:50:19.500,IO2508-C-4450,2.2,1.8,2.2
2025-08-01,2025-08-01 09:50:20.000,IO2508-C-4450,2.2,1.8,2.2
2025-08-01,2025-08-01 09:50:20.500,IO2508-C-4450,2.2,1.8,2.2
2025-08-01,2025-08-01 09:50:21.000,IO2508-C-4450,2.2,1.8,2.2
2025-08-01,2025-08-01 09:50:21.500,IO2508-C-4450,2.2,1.8,2.2
2025-08-01,2025-08-01 09:50:22.000,IO2508-C-4450,2.2,1.8,2.2
2025-08-01,2025-08-01 09:50:22.500,IO2508-C-4450,2.2,1.8,2.2
2025-08-01,2025-08-01 09:50:24.500,IO2508-C-4450,2.2,1.8,2.2
2025-08-01,2025-08-01 09:50:25.500,IO2508-C-4450,2.2,1.8,2.2
2025-08-01,2025-08-01 09:50:26.500,IO2508-C-4450,2.2,1.8,2.2
2025-08-01,2025-08-01 09:50:27.000,IO2508-C-4450,2.2,1.8,2.2
2025-08-01,2025-08-01 09:50:30.500,IO2508-C-4450,2.2,1.8,2.2
2025-08-01,2025-08-01 09:50:31.000,IO2508-C-4450,2.2,1.8,2.2
2025-08-01,2025-08-01 09:50:31.500,IO2508-C-4450,2.2,1.8,2.2
2025-08-01,2025-08-01 09:50:32.000,IO2508-C-4450,2.2,1.8,2.2
2025-08-01,2025-08-01 09:50:34.500,IO2508-C-4450,2.2,1.8,2.2
2025-08-01,2025-08-01 09:50:35.500,IO2508-C-4450,2.2,1.8,2.0
2025-08-01,2025-08-01 09:50:36.000,IO2508-C-4450,2.2,1.8,2.0
2025-08-01,2025-08-01 09:50:36.500,IO2508-C-4450,2.2,1.8,2.0
2025-08-01,2025-08-01 09:50:38.000,IO2508-C-4450,2.2,1.8,2.0
2025-08-01,2025-08-01 09:51:03.000,IO2508-C-4450,2.2,1.8,2.0
2025-08-01,2025-08-01 09:51:06.000,IO2508-C-4450,2.2,1.8,2.0
2025-08-01,2025-08-01 09:51:06.500,IO2508-C-4450,2.2,1.8,2.0
2025-08-01,2025-08-01 09:51:07.000,IO2508-C-4450,2.2,1.8,2.0
2025-08-01,2025-08-01 09:51:07.500,IO2508-C-4450,2.2,1.8,2.0
2025-08-01,2025-08-01 09:51:09.000,IO2508-C-4450,2.2,1.8,2.0
2025-08-01,2025-08-01 09:51:12.500,IO2508-C-4450,2.2,1.8,2.0
2025-08-01,2025-08-01 09:51:21.500,IO2508-C-4450,2.2,1.8,2.0
2025-08-01,2025-08-01 09:51:23.500,IO2508-C-4450,2.2,1.8,2.0
2025-08-01,2025-08-01 09:51:28.000,IO2508-C-4450,2.2,1.8,2.0
2025-08-01,2025-08-01 09:51:28.500,IO2508-C-4450,2.2,1.8,2.0
2025-08-01,2025-08-01 09:51:30.000,IO2508-C-4450,2.2,1.8,2.0
2025-08-01,2025-08-01 09:51:36.500,IO2508-C-4450,2.2,1.8,2.0
2025-08-01,2025-08-01 09:51:37.000,IO2508-C-4450,2.2,1.8,2.0
2025-08-01,2025-08-01 09:51:39.500,IO2508-C-4450,1.8,1.8,2.0
2025-08-01,2025-08-01 09:51:40.000,IO2508-C-4450,1.8,1.8,2.0
2025-08-01,2025-08-01 09:52:06.500,IO2508-C-4450,1.8,1.8,2.0
2025-08-01,2025-08-01 09:52:07.000,IO2508-C-4450,1.8,1.8,2.0
2025-08-01,2025-08-01 09:52:13.500,IO2508-C-4450,1.8,1.8,2.0
2025-08-01,2025-08-01 09:52:14.000,IO2508-C-4450,1.8,1.8,2.0
2025-08-01,2025-08-01 09:52:14.500,IO2508-C-4450,1.8,1.8,2.0
2025-08-01,2025-08-01 09:52:27.500,IO2508-C-4450,1.8,1.8,2.0
2025-08-01,2025-08-01 09:52:36.500,IO2508-C-4450,1.8,1.8,2.0
2025-08-01,2025-08-01 09:52:37.000,IO2508-C-4450,1.8,1.8,2.0
2025-08-01,2025-08-01 09:52:37.500,IO2508-C-4450,1.8,1.8,2.0
2025-08-01,2025-08-01 09:52:45.000,IO2508-C-4450,1.8,1.8,2.0
2025-08-01,2025-08-01 09:52:46.000,IO2508-C-4450,1.8,1.8,2.0
2025-08-01,2025-08-01 09:53:06.500,IO2508-C-4450,1.8,1.8,2.0
2025-08-01,2025-08-01 09:53:07.000,IO2508-C-4450,1.8,1.8,2.0
2025-08-01,2025-08-01 09:53:07.500,IO2508-C-4450,1.8,1.8,2.0
2025-08-01,2025-08-01 09:53:08.000,IO2508-C-4450,1.8,1.8,2.0
2025-08-01,2025-08-01 09:53:15.500,IO2508-C-4450,1.8,1.8,2.0
2025-08-01,2025-08-01 09:53:16.000,IO2508-C-4450,1.8,1.8,2.0
2025-08-01,2025-08-01 09:53:17.000,IO2508-C-4450,1.8,1.8,2.0
2025-08-01,2025-08-01 09:53:19.000,IO2508-C-4450,1.8,1.8,2.0
2025-08-01,2025-08-01 09:53:22.000,IO2508-C-4450,1.8,1.8,2.0
2025-08-01,2025-08-01 09:53:31.000,IO2508-C-4450,1.8,1.8,2.0
2025-08-01,2025-08-01 09:53:36.500,IO2508-C-4450,1.8,1.8,2.0
2025-08-01,2025-08-01 09:53:37.000,IO2508-C-4450,1.8,1.8,2.0
2025-08-01,2025-08-01 09:53:48.000,IO2508-C-4450,1.8,1.8,2.0
2025-08-01,2025-08-01 09:53:59.000,IO2508-C-4450,1.8,1.8,2.0
2025-08-01,2025-08-01 09:54:00.000,IO2508-C-4450,1.8,1.8,2.0
2025-08-01,2025-08-01 09:54:01.000,IO2508-C-4450,1.8,1.8,2.0
2025-08-01,2025-08-01 09:54:06.500,IO2508-C-4450,1.8,1.8,2.0
2025-08-01,2025-08-01 09:54:07.000,IO2508-C-4450,1.8,1.8,2.0
2025-08-01,2025-08-01 09:54:11.500,IO2508-C-4450,1.8,1.8,2.0
2025-08-01,2025-08-01 09:54:12.000,IO2508-C-4450,1.8,1.8,2.0
2025-08-01,2025-08-01 09:54:12.500,IO2508-C-4450,1.8,1.8,2.0
2025-08-01,2025-08-01 09:54:15.000,IO2508-C-4450,1.8,1.8,2.0
2025-08-01,2025-08-01 09:54:32.000,IO2508-C-4450,2.0,1.8,2.0
2025-08-01,2025-08-01 09:54:32.500,IO2508-C-4450,2.0,1.8,2.0
2025-08-01,2025-08-01 09:54:33.000,IO2508-C-4450,2.0,1.8,2.0
2025-08-01,2025-08-01 09:54:33.500,IO2508-C-4450,2.0,1.8,2.0
2025-08-01,2025-08-01 09:54:34.500,IO2508-C-4450,2.0,1.8,2.0
2025-08-01,2025-08-01 09:54:35.000,IO2508-C-4450,2.0,1.8,2.0
2025-08-01,2025-08-01 09:54:35.500,IO2508-C-4450,2.0,1.8,2.0
2025-08-01,2025-08-01 09:54:36.500,IO2508-C-4450,2.0,1.8,2.0
2025-08-01,2025-08-01 09:54:37.000,IO2508-C-4450,2.0,1.8,2.0
2025-08-01,2025-08-01 09:54:37.500,IO2508-C-4450,2.0,1.8,2.0
2025-08-01,2025-08-01 09:54:38.000,IO2508-C-4450,2.0,1.8,2.0
2025-08-01,2025-08-01 09:54:38.500,IO2508-C-4450,2.0,1.8,2.0
2025-08-01,2025-08-01 09:54:39.000,IO2508-C-4450,2.0,1.8,2.0
2025-08-01,2025-08-01 09:54:43.000,IO2508-C-4450,2.0,1.8,2.0
2025-08-01,2025-08-01 09:54:45.000,IO2508-C-4450,2.0,1.8,2.0
2025-08-01,2025-08-01 09:54:48.000,IO2508-C-4450,2.0,1.8,2.0
2025-08-01,2025-08-01 09:54:48.500,IO2508-C-4450,2.0,1.8,2.0
2025-08-01,2025-08-01 09:54:49.000,IO2508-C-4450,2.0,1.8,2.0
2025-08-01,2025-08-01 09:54:49.500,IO2508-C-4450,2.0,1.8,2.0
2025-08-01,2025-08-01 09:54:51.500,IO2508-C-4450,2.0,1.8,2.0
2025-08-01,2025-08-01 09:54:52.500,IO2508-C-4450,2.0,1.8,2.0
2025-08-01,2025-08-01 09:54:58.500,IO2508-C-4450,2.0,1.8,2.0
2025-08-01,2025-08-01 09:54:59.000,IO2508-C-4450,2.0,1.8,2.0
2025-08-01,2025-08-01 09:55:00.000,IO2508-C-4450,2.0,1.6,2.0
2025-08-01,2025-08-01 09:55:00.500,IO2508-C-4450,2.0,1.6,2.0
2025-08-01,2025-08-01 09:55:01.000,IO2508-C-4450,2.0,1.6,2.0
2025-08-01,2025-08-01 09:55:02.500,IO2508-C-4450,2.0,1.6,2.0
2025-08-01,2025-08-01 09:55:03.000,IO2508-C-4450,2.0,1.6,2.0
2025-08-01,2025-08-01 09:55:04.000,IO2508-C-4450,2.0,1.6,2.0
2025-08-01,2025-08-01 09:55:04.500,IO2508-C-4450,2.0,1.6,2.0
2025-08-01,2025-08-01 09:55:05.500,IO2508-C-4450,2.0,1.6,2.0
2025-08-01,2025-08-01 09:55:06.500,IO2508-C-4450,2.0,1.6,2.0
2025-08-01,2025-08-01 09:55:07.000,IO2508-C-4450,2.0,1.6,2.0
2025-08-01,2025-08-01 09:55:08.000,IO2508-C-4450,2.0,1.6,2.0
2025-08-01,2025-08-01 09:55:08.500,IO2508-C-4450,2.0,1.6,2.0
2025-08-01,2025-08-01 09:55:09.000,IO2508-C-4450,2.0,1.6,2.0
2025-08-01,2025-08-01 09:55:09.500,IO2508-C-4450,2.0,1.6,2.0
2025-08-01,2025-08-01 09:55:10.000,IO2508-C-4450,2.0,1.6,2.0
2025-08-01,2025-08-01 09:55:10.500,IO2508-C-4450,2.0,1.6,2.0
2025-08-01,2025-08-01 09:55:12.000,IO2508-C-4450,2.0,1.6,2.0
2025-08-01,2025-08-01 09:55:12.500,IO2508-C-4450,2.0,1.6,2.0
2025-08-01,2025-08-01 09:55:13.500,IO2508-C-4450,2.0,1.6,2.0
2025-08-01,2025-08-01 09:55:14.000,IO2508-C-4450,2.0,1.6,2.0
2025-08-01,2025-08-01 09:55:18.000,IO2508-C-4450,2.0,1.6,2.0
2025-08-01,2025-08-01 09:55:20.000,IO2508-C-4450,2.0,1.6,2.0
2025-08-01,2025-08-01 09:55:22.000,IO2508-C-4450,2.0,1.6,2.0
2025-08-01,2025-08-01 09:55:22.500,IO2508-C-4450,2.0,1.6,2.0
2025-08-01,2025-08-01 09:55:23.500,IO2508-C-4450,2.0,1.6,2.0
2025-08-01,2025-08-01 09:55:34.500,IO2508-C-4450,2.0,1.6,2.0
2025-08-01,2025-08-01 09:55:35.000,IO2508-C-4450,2.0,1.6,2.0
2025-08-01,2025-08-01 09:55:36.500,IO2508-C-4450,2.0,1.6,2.0
2025-08-01,2025-08-01 09:55:37.000,IO2508-C-4450,2.0,1.6,2.0
2025-08-01,2025-08-01 09:55:41.000,IO2508-C-4450,2.0,1.6,2.0
2025-08-01,2025-08-01 09:55:42.000,IO2508-C-4450,2.0,1.6,1.8
2025-08-01,2025-08-01 09:55:42.500,IO2508-C-4450,2.0,1.6,1.8
2025-08-01,2025-08-01 09:55:46.500,IO2508-C-4450,2.0,1.6,1.8
2025-08-01,2025-08-01 09:55:58.500,IO2508-C-4450,2.0,1.6,1.8
2025-08-01,2025-08-01 09:55:59.500,IO2508-C-4450,2.0,1.6,1.8
2025-08-01,2025-08-01 09:56:00.000,IO2508-C-4450,2.0,1.6,1.8
2025-08-01,2025-08-01 09:56:01.000,IO2508-C-4450,2.0,1.6,2.0
2025-08-01,2025-08-01 09:56:01.500,IO2508-C-4450,2.0,1.6,2.0
2025-08-01,2025-08-01 09:56:02.000,IO2508-C-4450,2.0,1.6,2.0
2025-08-01,2025-08-01 09:56:02.500,IO2508-C-4450,2.0,1.6,1.8
2025-08-01,2025-08-01 09:56:03.000,IO2508-C-4450,2.0,1.6,1.8
2025-08-01,2025-08-01 09:56:06.500,IO2508-C-4450,2.0,1.6,1.8
2025-08-01,2025-08-01 09:56:07.000,IO2508-C-4450,2.0,1.6,1.8
2025-08-01,2025-08-01 09:56:07.500,IO2508-C-4450,1.8,1.6,1.8
2025-08-01,2025-08-01 09:56:08.000,IO2508-C-4450,1.8,1.6,1.8
2025-08-01,2025-08-01 09:56:11.500,IO2508-C-4450,1.8,1.6,1.8
2025-08-01,2025-08-01 09:56:12.000,IO2508-C-4450,1.8,1.6,1.8
2025-08-01,2025-08-01 09:56:13.000,IO2508-C-4450,1.8,1.6,1.8
2025-08-01,2025-08-01 09:56:13.500,IO2508-C-4450,1.8,1.8,2.0
2025-08-01,2025-08-01 09:56:14.000,IO2508-C-4450,1.8,1.8,2.0
2025-08-01,2025-08-01 09:56:14.500,IO2508-C-4450,1.8,1.8,2.0
2025-08-01,2025-08-01 09:56:15.000,IO2508-C-4450,1.8,1.8,2.0
2025-08-01,2025-08-01 09:56:15.500,IO2508-C-4450,1.8,1.8,2.0
2025-08-01,2025-08-01 09:56:16.000,IO2508-C-4450,1.8,1.8,2.0
2025-08-01,2025-08-01 09:56:16.500,IO2508-C-4450,1.8,1.8,2.0
2025-08-01,2025-08-01 09:56:21.500,IO2508-C-4450,1.8,1.8,2.0
2025-08-01,2025-08-01 09:56:28.000,IO2508-C-4450,1.8,1.8,2.0
2025-08-01,2025-08-01 09:56:29.000,IO2508-C-4450,1.8,1.8,2.0
2025-08-01,2025-08-01 09:56:36.500,IO2508-C-4450,1.8,1.8,2.0
2025-08-01,2025-08-01 09:56:37.000,IO2508-C-4450,1.8,1.8,2.0
2025-08-01,2025-08-01 09:56:39.000,IO2508-C-4450,1.8,1.8,2.0
2025-08-01,2025-08-01 09:56:48.500,IO2508-C-4450,1.8,1.8,2.0
2025-08-01,2025-08-01 09:56:49.000,IO2508-C-4450,1.8,1.8,2.0
2025-08-01,2025-08-01 09:56:49.500,IO2508-C-4450,1.8,1.6,2.0
2025-08-01,2025-08-01 09:56:50.000,IO2508-C-4450,1.8,1.6,2.0
2025-08-01,2025-08-01 09:56:50.500,IO2508-C-4450,1.8,1.6,2.0
2025-08-01,2025-08-01 09:56:51.000,IO2508-C-4450,1.8,1.6,2.0
2025-08-01,2025-08-01 09:56:51.500,IO2508-C-4450,1.8,1.6,1.8
2025-08-01,2025-08-01 09:56:52.000,IO2508-C-4450,1.8,1.6,1.8
2025-08-01,2025-08-01 09:56:52.500,IO2508-C-4450,1.8,1.6,1.8
2025-08-01,2025-08-01 09:57:00.500,IO2508-C-4450,1.8,1.6,1.8
2025-08-01,2025-08-01 09:57:01.000,IO2508-C-4450,1.8,1.6,1.8
2025-08-01,2025-08-01 09:57:04.000,IO2508-C-4450,1.8,1.6,1.8
2025-08-01,2025-08-01 09:57:06.000,IO2508-C-4450,1.8,1.6,1.8
2025-08-01,2025-08-01 09:57:06.500,IO2508-C-4450,1.8,1.6,1.8
2025-08-01,2025-08-01 09:57:07.000,IO2508-C-4450,1.8,1.6,1.8
2025-08-01,2025-08-01 09:57:18.500,IO2508-C-4450,1.8,1.6,1.8
2025-08-01,2025-08-01 09:57:36.500,IO2508-C-4450,1.8,1.6,1.8
2025-08-01,2025-08-01 09:57:37.000,IO2508-C-4450,1.8,1.6,1.8
2025-08-01,2025-08-01 09:57:37.500,IO2508-C-4450,1.8,1.6,1.8
2025-08-01,2025-08-01 09:57:38.000,IO2508-C-4450,1.8,1.6,1.8
2025-08-01,2025-08-01 09:57:39.000,IO2508-C-4450,1.8,1.6,1.8
2025-08-01,2025-08-01 09:57:46.000,IO2508-C-4450,1.8,1.6,1.8
2025-08-01,2025-08-01 09:57:46.500,IO2508-C-4450,1.8,1.6,1.8
2025-08-01,2025-08-01 09:57:52.500,IO2508-C-4450,1.8,1.6,1.8
2025-08-01,2025-08-01 09:57:53.000,IO2508-C-4450,1.8,1.6,1.8
2025-08-01,2025-08-01 09:58:04.000,IO2508-C-4450,1.8,1.6,2.0
2025-08-01,2025-08-01 09:58:04.500,IO2508-C-4450,1.8,1.6,2.0
2025-08-01,2025-08-01 09:58:05.500,IO2508-C-4450,1.8,1.6,2.0
2025-08-01,2025-08-01 09:58:06.500,IO2508-C-4450,1.8,1.6,2.0
2025-08-01,2025-08-01 09:58:07.000,IO2508-C-4450,1.8,1.6,2.0
2025-08-01,2025-08-01 09:58:07.500,IO2508-C-4450,1.8,1.6,2.0
2025-08-01,2025-08-01 09:58:08.000,IO2508-C-4450,1.8,1.6,2.0
2025-08-01,2025-08-01 09:58:10.500,IO2508-C-4450,1.8,1.6,2.0
2025-08-01,2025-08-01 09:58:11.000,IO2508-C-4450,1.8,1.6,2.0
2025-08-01,2025-08-01 09:58:11.500,IO2508-C-4450,1.8,1.6,2.0
2025-08-01,2025-08-01 09:58:15.500,IO2508-C-4450,1.8,1.6,2.0
2025-08-01,2025-08-01 09:58:16.000,IO2508-C-4450,1.8,1.6,2.0
2025-08-01,2025-08-01 09:58:16.500,IO2508-C-4450,1.8,1.6,2.0
2025-08-01,2025-08-01 09:58:17.000,IO2508-C-4450,1.8,1.6,2.0
2025-08-01,2025-08-01 09:58:18.000,IO2508-C-4450,1.8,1.6,2.0
2025-08-01,2025-08-01 09:58:19.500,IO2508-C-4450,1.8,1.6,2.0
2025-08-01,2025-08-01 09:58:20.000,IO2508-C-4450,1.8,1.6,2.0
2025-08-01,2025-08-01 09:58:29.500,IO2508-C-4450,1.8,1.6,2.0
2025-08-01,2025-08-01 09:58:31.000,IO2508-C-4450,1.8,1.6,2.0
2025-08-01,2025-08-01 09:58:32.500,IO2508-C-4450,1.8,1.6,2.0
2025-08-01,2025-08-01 09:58:33.000,IO2508-C-4450,1.8,1.6,2.0
2025-08-01,2025-08-01 09:58:33.500,IO2508-C-4450,1.8,1.6,2.0
2025-08-01,2025-08-01 09:58:34.000,IO2508-C-4450,1.8,1.6,2.0
2025-08-01,2025-08-01 09:58:36.000,IO2508-C-4450,1.8,1.8,2.0
2025-08-01,2025-08-01 09:58:36.500,IO2508-C-4450,1.8,1.8,2.0
2025-08-01,2025-08-01 09:58:37.000,IO2508-C-4450,1.8,1.8,2.0
2025-08-01,2025-08-01 09:58:37.500,IO2508-C-4450,1.8,1.8,2.0
2025-08-01,2025-08-01 09:58:38.500,IO2508-C-4450,1.8,1.8,2.0
2025-08-01,2025-08-01 09:58:39.500,IO2508-C-4450,1.8,1.8,2.0
2025-08-01,2025-08-01 09:58:41.500,IO2508-C-4450,1.8,1.8,2.0
2025-08-01,2025-08-01 09:58:42.000,IO2508-C-4450,1.8,1.8,2.0
2025-08-01,2025-08-01 09:58:44.000,IO2508-C-4450,2.0,1.8,2.0
2025-08-01,2025-08-01 09:58:49.000,IO2508-C-4450,2.0,1.8,2.0
2025-08-01,2025-08-01 09:58:50.500,IO2508-C-4450,2.0,1.8,2.0
2025-08-01,2025-08-01 09:58:51.000,IO2508-C-4450,2.0,1.8,2.0
2025-08-01,2025-08-01 09:58:52.500,IO2508-C-4450,2.0,1.8,2.0
2025-08-01,2025-08-01 09:58:53.000,IO2508-C-4450,2.0,1.8,2.0
2025-08-01,2025-08-01 09:58:58.000,IO2508-C-4450,2.0,1.8,2.0
2025-08-01,2025-08-01 09:59:06.500,IO2508-C-4450,2.0,1.8,2.0
2025-08-01,2025-08-01 09:59:07.000,IO2508-C-4450,2.0,1.8,2.0
2025-08-01,2025-08-01 09:59:13.500,IO2508-C-4450,2.0,1.8,2.0
2025-08-01,2025-08-01 09:59:30.000,IO2508-C-4450,2.0,1.8,2.0
2025-08-01,2025-08-01 09:59:31.000,IO2508-C-4450,2.0,1.8,2.0
2025-08-01,2025-08-01 09:59:36.500,IO2508-C-4450,2.0,1.8,2.0
2025-08-01,2025-08-01 09:59:37.000,IO2508-C-4450,2.0,1.8,2.0
2025-08-01,2025-08-01 10:00:03.500,IO2508-C-4450,2.0,1.8,2.0
2025-08-01,2025-08-01 10:00:06.500,IO2508-C-4450,2.0,1.8,2.0
2025-08-01,2025-08-01 10:00:07.000,IO2508-C-4450,2.0,1.8,2.0
2025-08-01,2025-08-01 10:00:08.000,IO2508-C-4450,2.0,1.8,2.0
2025-08-01,2025-08-01 10:00:09.500,IO2508-C-4450,2.0,1.8,2.0
2025-08-01,2025-08-01 10:00:26.000,IO2508-C-4450,2.0,1.8,2.0
2025-08-01,2025-08-01 10:00:36.500,IO2508-C-4450,2.0,1.8,2.0
2025-08-01,2025-08-01 10:00:37.000,IO2508-C-4450,2.0,1.8,2.0
2025-08-01,2025-08-01 10:01:06.500,IO2508-C-4450,2.0,1.8,2.0
2025-08-01,2025-08-01 10:01:07.000,IO2508-C-4450,2.0,1.8,2.0
2025-08-01,2025-08-01 10:01:08.000,IO2508-C-4450,2.0,1.8,2.0
2025-08-01,2025-08-01 10:01:32.500,IO2508-C-4450,2.0,1.8,2.0
2025-08-01,2025-08-01 10:01:33.500,IO2508-C-4450,2.0,1.8,2.0
2025-08-01,2025-08-01 10:01:36.500,IO2508-C-4450,2.0,1.8,2.0
2025-08-01,2025-08-01 10:01:37.000,IO2508-C-4450,2.0,1.8,2.0
2025-08-01,2025-08-01 10:01:42.000,IO2508-C-4450,2.0,1.8,2.0
2025-08-01,2025-08-01 10:01:49.000,IO2508-C-4450,2.0,1.8,2.0
2025-08-01,2025-08-01 10:02:00.000,IO2508-C-4450,2.0,1.8,2.0
2025-08-01,2025-08-01 10:02:06.500,IO2508-C-4450,2.0,1.8,2.0
2025-08-01,2025-08-01 10:02:07.000,IO2508-C-4450,2.0,1.8,2.0
2025-08-01,2025-08-01 10:02:36.500,IO2508-C-4450,2.0,1.8,2.0
2025-08-01,2025-08-01 10:02:37.000,IO2508-C-4450,2.0,1.8,2.0
2025-08-01,2025-08-01 10:02:48.000,IO2508-C-4450,2.0,1.8,2.0
2025-08-01,2025-08-01 10:02:58.500,IO2508-C-4450,2.0,1.8,2.0
2025-08-01,2025-08-01 10:03:06.000,IO2508-C-4450,2.0,1.8,2.0
2025-08-01,2025-08-01 10:03:06.500,IO2508-C-4450,2.0,1.8,2.0
2025-08-01,2025-08-01 10:03:07.000,IO2508-C-4450,2.0,1.8,2.0
2025-08-01,2025-08-01 10:03:12.500,IO2508-C-4450,2.0,1.8,2.0
2025-08-01,2025-08-01 10:03:13.000,IO2508-C-4450,2.0,1.8,2.0
2025-08-01,2025-08-01 10:03:14.500,IO2508-C-4450,2.0,1.8,2.0
2025-08-01,2025-08-01 10:03:24.500,IO2508-C-4450,2.0,1.8,2.0
2025-08-01,2025-08-01 10:03:28.500,IO2508-C-4450,2.0,1.8,2.0
2025-08-01,2025-08-01 10:03:29.000,IO2508-C-4450,2.0,1.8,2.0
2025-08-01,2025-08-01 10:03:29.500,IO2508-C-4450,2.0,1.8,2.0
2025-08-01,2025-08-01 10:03:33.500,IO2508-C-4450,2.0,1.8,2.0
2025-08-01,2025-08-01 10:03:34.000,IO2508-C-4450,2.0,1.8,2.0
2025-08-01,2025-08-01 10:03:36.500,IO2508-C-4450,2.0,1.8,2.0
2025-08-01,2025-08-01 10:03:37.000,IO2508-C-4450,2.0,1.8,2.0
2025-08-01,2025-08-01 10:04:06.500,IO2508-C-4450,2.0,1.8,2.0
2025-08-01,2025-08-01 10:04:07.000,IO2508-C-4450,2.0,1.8,2.0
2025-08-01,2025-08-01 10:04:13.000,IO2508-C-4450,2.0,1.8,2.0
2025-08-01,2025-08-01 10:04:17.500,IO2508-C-4450,2.0,1.8,2.0
2025-08-01,2025-08-01 10:04:18.000,IO2508-C-4450,2.0,1.8,2.0
2025-08-01,2025-08-01 10:04:20.000,IO2508-C-4450,2.0,1.8,2.0
2025-08-01,2025-08-01 10:04:20.500,IO2508-C-4450,2.0,1.8,2.0
2025-08-01,2025-08-01 10:04:22.500,IO2508-C-4450,2.0,1.8,2.0
2025-08-01,2025-08-01 10:04:27.000,IO2508-C-4450,2.0,1.8,2.0
2025-08-01,2025-08-01 10:04:32.500,IO2508-C-4450,2.0,1.8,2.0
2025-08-01,2025-08-01 10:04:33.500,IO2508-C-4450,2.0,1.8,2.0
2025-08-01,2025-08-01 10:04:36.000,IO2508-C-4450,2.0,1.8,2.0
2025-08-01,2025-08-01 10:04:36.500,IO2508-C-4450,2.0,1.8,2.0
2025-08-01,2025-08-01 10:04:37.000,IO2508-C-4450,2.0,1.8,2.0
2025-08-01,2025-08-01 10:04:38.000,IO2508-C-4450,2.0,1.8,2.0
2025-08-01,2025-08-01 10:04:38.500,IO2508-C-4450,2.0,1.8,2.0
2025-08-01,2025-08-01 10:04:39.000,IO2508-C-4450,2.0,1.8,2.0
2025-08-01,2025-08-01 10:04:49.000,IO2508-C-4450,2.0,1.8,2.0
2025-08-01,2025-08-01 10:04:55.500,IO2508-C-4450,2.0,1.8,2.0
2025-08-01,2025-08-01 10:05:01.500,IO2508-C-4450,2.0,1.8,2.0
2025-08-01,2025-08-01 10:05:02.000,IO2508-C-4450,2.0,1.8,2.0
2025-08-01,2025-08-01 10:05:02.500,IO2508-C-4450,2.0,1.8,2.0
2025-08-01,2025-08-01 10:05:03.000,IO2508-C-4450,2.0,1.8,2.0
2025-08-01,2025-08-01 10:05:04.000,IO2508-C-4450,2.0,1.8,2.0
2025-08-01,2025-08-01 10:05:06.500,IO2508-C-4450,2.0,1.8,2.0
2025-08-01,2025-08-01 10:05:07.000,IO2508-C-4450,2.0,1.8,2.0
2025-08-01,2025-08-01 10:05:09.500,IO2508-C-4450,2.0,1.8,2.0
2025-08-01,2025-08-01 10:05:15.500,IO2508-C-4450,2.0,1.8,2.0
2025-08-01,2025-08-01 10:05:36.500,IO2508-C-4450,2.0,1.8,2.0
2025-08-01,2025-08-01 10:05:37.000,IO2508-C-4450,2.0,1.8,2.0
2025-08-01,2025-08-01 10:05:40.500,IO2508-C-4450,2.0,1.8,2.0
2025-08-01,2025-08-01 10:05:54.500,IO2508-C-4450,2.0,1.8,2.0
2025-08-01,2025-08-01 10:05:55.000,IO2508-C-4450,2.0,1.8,2.0
2025-08-01,2025-08-01 10:05:59.000,IO2508-C-4450,2.0,1.8,2.0
2025-08-01,2025-08-01 10:06:00.000,IO2508-C-4450,2.0,1.8,2.0
2025-08-01,2025-08-01 10:06:06.500,IO2508-C-4450,2.0,1.8,2.0
2025-08-01,2025-08-01 10:06:07.000,IO2508-C-4450,2.0,1.8,2.0
2025-08-01,2025-08-01 10:06:22.500,IO2508-C-4450,2.0,1.8,2.0
2025-08-01,2025-08-01 10:06:24.000,IO2508-C-4450,2.0,1.8,2.0
2025-08-01,2025-08-01 10:06:29.500,IO2508-C-4450,2.0,1.8,2.0
2025-08-01,2025-08-01 10:06:36.500,IO2508-C-4450,2.0,1.8,2.0
2025-08-01,2025-08-01 10:06:37.000,IO2508-C-4450,2.0,1.8,2.0
2025-08-01,2025-08-01 10:07:06.500,IO2508-C-4450,2.0,1.8,2.0
2025-08-01,2025-08-01 10:07:07.000,IO2508-C-4450,2.0,1.8,2.0
2025-08-01,2025-08-01 10:07:36.500,IO2508-C-4450,2.0,1.8,2.0
2025-08-01,2025-08-01 10:07:37.000,IO2508-C-4450,2.0,1.8,2.0
2025-08-01,2025-08-01 10:08:06.500,IO2508-C-4450,2.0,1.8,2.0
2025-08-01,2025-08-01 10:08:07.000,IO2508-C-4450,2.0,1.8,2.0
2025-08-01,2025-08-01 10:08:36.500,IO2508-C-4450,2.0,1.8,2.0
2025-08-01,2025-08-01 10:08:37.000,IO2508-C-4450,2.0,1.8,2.0
2025-08-01,2025-08-01 10:08:59.000,IO2508-C-4450,2.0,1.8,2.0
2025-08-01,2025-08-01 10:08:59.500,IO2508-C-4450,2.0,1.8,2.0
2025-08-01,2025-08-01 10:09:05.500,IO2508-C-4450,2.0,1.8,2.0
2025-08-01,2025-08-01 10:09:06.500,IO2508-C-4450,2.0,1.8,2.0
2025-08-01,2025-08-01 10:09:07.000,IO2508-C-4450,2.0,1.8,2.0
2025-08-01,2025-08-01 10:09:21.500,IO2508-C-4450,2.0,1.8,2.0
2025-08-01,2025-08-01 10:09:32.000,IO2508-C-4450,2.0,1.8,2.0
2025-08-01,2025-08-01 10:09:32.500,IO2508-C-4450,2.0,1.8,2.0
2025-08-01,2025-08-01 10:09:35.500,IO2508-C-4450,2.0,1.8,2.0
2025-08-01,2025-08-01 10:09:36.000,IO2508-C-4450,2.0,1.8,2.0
2025-08-01,2025-08-01 10:09:36.500,IO2508-C-4450,2.0,1.8,2.0
2025-08-01,2025-08-01 10:09:37.000,IO2508-C-4450,2.0,1.8,2.0
2025-08-01,2025-08-01 10:09:40.000,IO2508-C-4450,2.0,1.8,2.0
2025-08-01,2025-08-01 10:09:40.500,IO2508-C-4450,2.0,1.8,2.0
2025-08-01,2025-08-01 10:09:54.500,IO2508-C-4450,2.0,1.8,2.0
2025-08-01,2025-08-01 10:09:55.000,IO2508-C-4450,2.0,1.8,2.0
2025-08-01,2025-08-01 10:10:00.500,IO2508-C-4450,2.0,1.8,2.0
2025-08-01,2025-08-01 10:10:06.500,IO2508-C-4450,2.0,1.8,2.0
2025-08-01,2025-08-01 10:10:07.000,IO2508-C-4450,2.0,1.8,2.0
2025-08-01,2025-08-01 10:10:20.500,IO2508-C-4450,2.0,1.8,2.0
2025-08-01,2025-08-01 10:10:21.000,IO2508-C-4450,2.0,1.8,2.0
2025-08-01,2025-08-01 10:10:36.500,IO2508-C-4450,2.0,1.8,2.0
2025-08-01,2025-08-01 10:10:37.000,IO2508-C-4450,2.0,1.8,2.0
2025-08-01,2025-08-01 10:10:49.500,IO2508-C-4450,2.0,1.8,2.0
2025-08-01,2025-08-01 10:10:50.000,IO2508-C-4450,2.0,1.8,2.0
2025-08-01,2025-08-01 10:11:00.500,IO2508-C-4450,2.0,1.8,2.0
2025-08-01,2025-08-01 10:11:06.500,IO2508-C-4450,2.0,1.8,2.0
2025-08-01,2025-08-01 10:11:07.000,IO2508-C-4450,2.0,1.8,2.0
2025-08-01,2025-08-01 10:11:22.500,IO2508-C-4450,2.0,1.8,2.0
2025-08-01,2025-08-01 10:11:36.500,IO2508-C-4450,2.0,1.8,2.0
2025-08-01,2025-08-01 10:11:37.000,IO2508-C-4450,2.0,1.8,2.0
2025-08-01,2025-08-01 10:11:48.500,IO2508-C-4450,2.0,1.8,2.0
2025-08-01,2025-08-01 10:11:54.500,IO2508-C-4450,2.0,1.8,2.0
2025-08-01,2025-08-01 10:12:06.500,IO2508-C-4450,2.0,1.8,2.0
2025-08-01,2025-08-01 10:12:07.000,IO2508-C-4450,2.0,1.8,2.0
2025-08-01,2025-08-01 10:12:12.500,IO2508-C-4450,2.0,1.8,2.0
2025-08-01,2025-08-01 10:12:13.000,IO2508-C-4450,2.0,1.8,2.0
2025-08-01,2025-08-01 10:12:19.000,IO2508-C-4450,2.0,1.8,2.0
2025-08-01,2025-08-01 10:12:23.000,IO2508-C-4450,2.0,1.8,2.0
2025-08-01,2025-08-01 10:12:24.500,IO2508-C-4450,2.0,1.8,2.0
2025-08-01,2025-08-01 10:12:25.500,IO2508-C-4450,2.0,1.8,2.0
2025-08-01,2025-08-01 10:12:30.500,IO2508-C-4450,2.0,1.8,2.0
2025-08-01,2025-08-01 10:12:33.000,IO2508-C-4450,2.0,1.8,2.0
2025-08-01,2025-08-01 10:12:35.500,IO2508-C-4450,2.0,1.8,2.0
2025-08-01,2025-08-01 10:12:36.500,IO2508-C-4450,2.0,1.8,2.0
2025-08-01,2025-08-01 10:12:37.000,IO2508-C-4450,2.0,1.8,2.0
2025-08-01,2025-08-01 10:12:38.500,IO2508-C-4450,2.0,1.8,2.0
2025-08-01,2025-08-01 10:12:39.500,IO2508-C-4450,2.0,1.8,2.0
2025-08-01,2025-08-01 10:12:42.500,IO2508-C-4450,2.0,1.8,2.0
2025-08-01,2025-08-01 10:12:50.000,IO2508-C-4450,2.0,1.8,2.0
2025-08-01,2025-08-01 10:13:02.500,IO2508-C-4450,2.0,1.8,2.0
2025-08-01,2025-08-01 10:13:05.000,IO2508-C-4450,2.0,1.8,2.0
2025-08-01,2025-08-01 10:13:06.500,IO2508-C-4450,2.0,1.8,2.0
2025-08-01,2025-08-01 10:13:07.000,IO2508-C-4450,2.0,1.8,2.0
2025-08-01,2025-08-01 10:13:36.500,IO2508-C-4450,2.0,1.8,2.0
2025-08-01,2025-08-01 10:13:37.000,IO2508-C-4450,2.0,1.8,2.0
2025-08-01,2025-08-01 10:13:39.500,IO2508-C-4450,2.0,1.8,2.0
2025-08-01,2025-08-01 10:13:49.000,IO2508-C-4450,2.0,1.8,2.0
2025-08-01,2025-08-01 10:14:05.000,IO2508-C-4450,2.0,1.8,2.0
2025-08-01,2025-08-01 10:14:06.500,IO2508-C-4450,2.0,1.8,2.0
2025-08-01,2025-08-01 10:14:07.000,IO2508-C-4450,2.0,1.8,2.0
2025-08-01,2025-08-01 10:14:09.500,IO2508-C-4450,2.0,1.8,2.0
2025-08-01,2025-08-01 10:14:14.500,IO2508-C-4450,2.0,1.8,2.0
2025-08-01,2025-08-01 10:14:23.000,IO2508-C-4450,2.0,1.8,2.0
2025-08-01,2025-08-01 10:14:36.500,IO2508-C-4450,2.0,1.8,2.0
2025-08-01,2025-08-01 10:14:37.000,IO2508-C-4450,2.0,1.8,2.0
2025-08-01,2025-08-01 10:14:39.500,IO2508-C-4450,2.0,1.8,2.0
2025-08-01,2025-08-01 10:15:00.000,IO2508-C-4450,2.0,1.8,2.0
2025-08-01,2025-08-01 10:15:06.500,IO2508-C-4450,2.0,1.8,2.0
2025-08-01,2025-08-01 10:15:07.000,IO2508-C-4450,2.0,1.8,2.0
2025-08-01,2025-08-01 10:15:11.000,IO2508-C-4450,2.0,1.8,2.0
2025-08-01,2025-08-01 10:15:32.000,IO2508-C-4450,2.0,1.8,2.0
2025-08-01,2025-08-01 10:15:33.000,IO2508-C-4450,2.0,1.8,2.0
2025-08-01,2025-08-01 10:15:36.000,IO2508-C-4450,2.0,1.8,2.0
2025-08-01,2025-08-01 10:15:36.500,IO2508-C-4450,2.0,1.8,2.0
2025-08-01,2025-08-01 10:15:37.000,IO2508-C-4450,2.0,1.8,2.0
2025-08-01,2025-08-01 10:15:38.500,IO2508-C-4450,2.0,1.8,2.0
2025-08-01,2025-08-01 10:16:06.500,IO2508-C-4450,2.0,1.8,2.0
2025-08-01,2025-08-01 10:16:07.000,IO2508-C-4450,2.0,1.8,2.0
2025-08-01,2025-08-01 10:16:36.500,IO2508-C-4450,2.0,1.8,2.0
2025-08-01,2025-08-01 10:16:37.000,IO2508-C-4450,2.0,1.8,2.0
2025-08-01,2025-08-01 10:17:06.500,IO2508-C-4450,2.0,1.8,2.0
2025-08-01,2025-08-01 10:17:07.000,IO2508-C-4450,2.0,1.8,2.0
2025-08-01,2025-08-01 10:17:11.500,IO2508-C-4450,2.0,1.8,2.0
2025-08-01,2025-08-01 10:17:13.500,IO2508-C-4450,2.0,1.8,2.0
2025-08-01,2025-08-01 10:17:36.500,IO2508-C-4450,2.0,1.8,2.0
2025-08-01,2025-08-01 10:17:37.000,IO2508-C-4450,2.0,1.8,2.0
2025-08-01,2025-08-01 10:17:50.000,IO2508-C-4450,2.0,1.8,2.0
2025-08-01,2025-08-01 10:18:04.000,IO2508-C-4450,2.0,1.8,2.0
2025-08-01,2025-08-01 10:18:06.500,IO2508-C-4450,2.0,1.8,2.0
2025-08-01,2025-08-01 10:18:07.000,IO2508-C-4450,2.0,1.8,2.0
2025-08-01,2025-08-01 10:18:25.500,IO2508-C-4450,2.0,1.8,2.0
2025-08-01,2025-08-01 10:18:32.000,IO2508-C-4450,1.8,1.8,2.0
2025-08-01,2025-08-01 10:18:36.500,IO2508-C-4450,1.8,1.8,2.0
2025-08-01,2025-08-01 10:18:37.000,IO2508-C-4450,1.8,1.8,2.0
2025-08-01,2025-08-01 10:18:39.000,IO2508-C-4450,1.8,1.8,2.0
2025-08-01,2025-08-01 10:18:57.000,IO2508-C-4450,1.8,1.8,2.0
2025-08-01,2025-08-01 10:19:06.500,IO2508-C-4450,1.8,1.8,2.0
2025-08-01,2025-08-01 10:19:07.000,IO2508-C-4450,1.8,1.8,2.0
2025-08-01,2025-08-01 10:19:36.500,IO2508-C-4450,1.8,1.8,2.0
2025-08-01,2025-08-01 10:19:37.000,IO2508-C-4450,1.8,1.8,2.0
2025-08-01,2025-08-01 10:19:55.000,IO2508-C-4450,1.8,1.8,2.0
2025-08-01,2025-08-01 10:20:05.000,IO2508-C-4450,1.8,1.8,2.0
2025-08-01,2025-08-01 10:20:05.500,IO2508-C-4450,1.8,1.8,2.0
2025-08-01,2025-08-01 10:20:06.500,IO2508-C-4450,1.8,1.8,2.0
2025-08-01,2025-08-01 10:20:07.000,IO2508-C-4450,1.8,1.8,2.0
2025-08-01,2025-08-01 10:20:36.500,IO2508-C-4450,1.8,1.8,2.0
2025-08-01,2025-08-01 10:20:37.000,IO2508-C-4450,1.8,1.8,2.0
2025-08-01,2025-08-01 10:21:06.500,IO2508-C-4450,1.8,1.8,2.0
2025-08-01,2025-08-01 10:21:07.000,IO2508-C-4450,1.8,1.8,2.0
2025-08-01,2025-08-01 10:21:14.000,IO2508-C-4450,1.8,1.8,2.0
2025-08-01,2025-08-01 10:21:35.000,IO2508-C-4450,1.8,1.8,2.0
2025-08-01,2025-08-01 10:21:36.500,IO2508-C-4450,1.8,1.8,2.0
2025-08-01,2025-08-01 10:21:37.000,IO2508-C-4450,1.8,1.8,2.0
2025-08-01,2025-08-01 10:22:06.500,IO2508-C-4450,1.8,1.8,2.0
2025-08-01,2025-08-01 10:22:07.000,IO2508-C-4450,1.8,1.8,2.0
2025-08-01,2025-08-01 10:22:36.500,IO2508-C-4450,1.8,1.8,2.0
2025-08-01,2025-08-01 10:22:37.000,IO2508-C-4450,1.8,1.8,2.0
2025-08-01,2025-08-01 10:23:06.500,IO2508-C-4450,1.8,1.8,2.0
2025-08-01,2025-08-01 10:23:07.000,IO2508-C-4450,1.8,1.8,2.0
2025-08-01,2025-08-01 10:23:31.500,IO2508-C-4450,1.8,1.8,2.0
2025-08-01,2025-08-01 10:23:32.500,IO2508-C-4450,1.8,1.8,2.0
2025-08-01,2025-08-01 10:23:33.500,IO2508-C-4450,1.8,1.8,2.0
2025-08-01,2025-08-01 10:23:36.500,IO2508-C-4450,1.8,1.8,2.0
2025-08-01,2025-08-01 10:23:37.000,IO2508-C-4450,1.8,1.8,2.0
2025-08-01,2025-08-01 10:23:40.500,IO2508-C-4450,1.8,1.8,2.0
2025-08-01,2025-08-01 10:23:49.000,IO2508-C-4450,1.8,1.8,2.0
2025-08-01,2025-08-01 10:24:06.500,IO2508-C-4450,1.8,1.8,2.0
2025-08-01,2025-08-01 10:24:07.000,IO2508-C-4450,1.8,1.8,2.0
2025-08-01,2025-08-01 10:24:14.500,IO2508-C-4450,1.8,1.8,2.0
2025-08-01,2025-08-01 10:24:22.000,IO2508-C-4450,1.8,1.8,2.0
2025-08-01,2025-08-01 10:24:25.000,IO2508-C-4450,1.8,1.8,2.0
2025-08-01,2025-08-01 10:24:36.500,IO2508-C-4450,1.8,1.8,2.0
2025-08-01,2025-08-01 10:24:37.000,IO2508-C-4450,1.8,1.8,2.0
2025-08-01,2025-08-01 10:24:48.500,IO2508-C-4450,1.8,1.8,2.0
2025-08-01,2025-08-01 10:25:06.500,IO2508-C-4450,1.8,1.8,2.0
2025-08-01,2025-08-01 10:25:07.000,IO2508-C-4450,1.8,1.8,2.0
2025-08-01,2025-08-01 10:25:36.500,IO2508-C-4450,1.8,1.8,2.0
2025-08-01,2025-08-01 10:25:37.000,IO2508-C-4450,1.8,1.8,2.0
2025-08-01,2025-08-01 10:26:06.500,IO2508-C-4450,1.8,1.8,2.0
2025-08-01,2025-08-01 10:26:07.000,IO2508-C-4450,1.8,1.8,2.0
2025-08-01,2025-08-01 10:26:36.500,IO2508-C-4450,1.8,1.8,2.0
2025-08-01,2025-08-01 10:26:37.000,IO2508-C-4450,1.8,1.8,2.0
2025-08-01,2025-08-01 10:27:06.500,IO2508-C-4450,1.8,1.8,2.0
2025-08-01,2025-08-01 10:27:07.000,IO2508-C-4450,1.8,1.8,2.0
2025-08-01,2025-08-01 10:27:12.000,IO2508-C-4450,1.8,1.8,2.0
2025-08-01,2025-08-01 10:27:36.500,IO2508-C-4450,1.8,1.8,2.0
2025-08-01,2025-08-01 10:27:37.000,IO2508-C-4450,1.8,1.8,2.0
2025-08-01,2025-08-01 10:27:42.500,IO2508-C-4450,1.8,1.8,2.0
2025-08-01,2025-08-01 10:28:06.500,IO2508-C-4450,1.8,1.8,2.0
2025-08-01,2025-08-01 10:28:07.000,IO2508-C-4450,1.8,1.8,2.0
2025-08-01,2025-08-01 10:28:25.500,IO2508-C-4450,1.8,1.8,2.0
2025-08-01,2025-08-01 10:28:26.000,IO2508-C-4450,1.8,1.8,2.0
2025-08-01,2025-08-01 10:28:36.500,IO2508-C-4450,1.8,1.8,2.0
2025-08-01,2025-08-01 10:28:37.000,IO2508-C-4450,1.8,1.8,2.0
2025-08-01,2025-08-01 10:28:40.000,IO2508-C-4450,1.8,1.8,2.0
2025-08-01,2025-08-01 10:29:06.500,IO2508-C-4450,1.8,1.8,2.0
2025-08-01,2025-08-01 10:29:07.000,IO2508-C-4450,1.8,1.8,2.0
2025-08-01,2025-08-01 10:29:21.000,IO2508-C-4450,1.8,1.8,2.0
2025-08-01,2025-08-01 10:29:27.500,IO2508-C-4450,1.8,1.8,2.0
2025-08-01,2025-08-01 10:29:28.000,IO2508-C-4450,2.0,1.8,2.0
2025-08-01,2025-08-01 10:29:33.000,IO2508-C-4450,2.0,1.8,2.0
2025-08-01,2025-08-01 10:29:33.500,IO2508-C-4450,2.0,1.8,2.0
2025-08-01,2025-08-01 10:29:36.500,IO2508-C-4450,2.0,1.8,2.0
2025-08-01,2025-08-01 10:29:37.000,IO2508-C-4450,2.0,1.8,2.0
2025-08-01,2025-08-01 10:29:41.000,IO2508-C-4450,2.0,1.8,2.0
2025-08-01,2025-08-01 10:29:44.000,IO2508-C-4450,2.0,1.8,2.0
2025-08-01,2025-08-01 10:29:54.500,IO2508-C-4450,2.0,1.8,2.0
2025-08-01,2025-08-01 10:29:55.000,IO2508-C-4450,2.0,1.8,2.0
2025-08-01,2025-08-01 10:30:06.500,IO2508-C-4450,2.0,1.8,2.0
2025-08-01,2025-08-01 10:30:07.000,IO2508-C-4450,2.0,1.8,2.0
2025-08-01,2025-08-01 10:30:33.000,IO2508-C-4450,2.0,1.8,2.0
2025-08-01,2025-08-01 10:30:36.500,IO2508-C-4450,2.0,1.8,2.0
2025-08-01,2025-08-01 10:30:37.000,IO2508-C-4450,2.0,1.8,2.0
2025-08-01,2025-08-01 10:30:51.000,IO2508-C-4450,2.0,1.8,2.2
2025-08-01,2025-08-01 10:30:51.500,IO2508-C-4450,2.0,1.8,2.2
2025-08-01,2025-08-01 10:30:52.000,IO2508-C-4450,2.0,1.8,2.2
2025-08-01,2025-08-01 10:30:56.500,IO2508-C-4450,2.0,1.8,2.2
2025-08-01,2025-08-01 10:30:57.000,IO2508-C-4450,2.0,1.8,2.2
2025-08-01,2025-08-01 10:30:58.500,IO2508-C-4450,2.0,1.8,2.2
2025-08-01,2025-08-01 10:30:59.000,IO2508-C-4450,2.0,1.8,2.2
2025-08-01,2025-08-01 10:30:59.500,IO2508-C-4450,2.0,1.8,2.2
2025-08-01,2025-08-01 10:31:00.000,IO2508-C-4450,2.0,1.8,2.2
2025-08-01,2025-08-01 10:31:02.500,IO2508-C-4450,2.0,1.8,2.2
2025-08-01,2025-08-01 10:31:03.000,IO2508-C-4450,2.0,1.8,2.2
2025-08-01,2025-08-01 10:31:03.500,IO2508-C-4450,2.0,1.8,2.2
2025-08-01,2025-08-01 10:31:04.000,IO2508-C-4450,2.0,1.8,2.2
2025-08-01,2025-08-01 10:31:06.500,IO2508-C-4450,2.0,1.8,2.2
2025-08-01,2025-08-01 10:31:07.000,IO2508-C-4450,2.0,1.8,2.2
2025-08-01,2025-08-01 10:31:08.000,IO2508-C-4450,2.0,1.8,2.2
2025-08-01,2025-08-01 10:31:10.500,IO2508-C-4450,2.0,1.8,2.2
2025-08-01,2025-08-01 10:31:11.500,IO2508-C-4450,2.0,1.8,2.2
2025-08-01,2025-08-01 10:31:14.000,IO2508-C-4450,2.0,1.8,2.2
2025-08-01,2025-08-01 10:31:14.500,IO2508-C-4450,2.0,1.8,2.2
2025-08-01,2025-08-01 10:31:15.000,IO2508-C-4450,2.0,1.8,2.2
2025-08-01,2025-08-01 10:31:15.500,IO2508-C-4450,2.0,1.8,2.2
2025-08-01,2025-08-01 10:31:20.500,IO2508-C-4450,2.0,1.8,2.2
2025-08-01,2025-08-01 10:31:21.000,IO2508-C-4450,2.0,1.8,2.2
2025-08-01,2025-08-01 10:31:21.500,IO2508-C-4450,2.0,1.8,2.2
2025-08-01,2025-08-01 10:31:22.000,IO2508-C-4450,2.0,1.8,2.2
2025-08-01,2025-08-01 10:31:22.500,IO2508-C-4450,2.0,1.8,2.2
2025-08-01,2025-08-01 10:31:23.000,IO2508-C-4450,2.0,1.8,2.2
2025-08-01,2025-08-01 10:31:23.500,IO2508-C-4450,2.0,1.8,2.2
2025-08-01,2025-08-01 10:31:25.000,IO2508-C-4450,2.0,1.8,2.2
2025-08-01,2025-08-01 10:31:27.000,IO2508-C-4450,2.0,1.8,2.2
2025-08-01,2025-08-01 10:31:27.500,IO2508-C-4450,2.0,1.8,2.2
2025-08-01,2025-08-01 10:31:29.000,IO2508-C-4450,2.0,1.8,2.2
2025-08-01,2025-08-01 10:31:31.000,IO2508-C-4450,2.0,1.8,2.2
2025-08-01,2025-08-01 10:31:31.500,IO2508-C-4450,2.0,1.8,2.2
2025-08-01,2025-08-01 10:31:32.000,IO2508-C-4450,2.0,1.8,2.2
2025-08-01,2025-08-01 10:31:36.500,IO2508-C-4450,2.0,1.8,2.2
2025-08-01,2025-08-01 10:31:37.000,IO2508-C-4450,2.0,1.8,2.2
2025-08-01,2025-08-01 10:31:37.500,IO2508-C-4450,2.0,1.8,2.2
2025-08-01,2025-08-01 10:31:38.500,IO2508-C-4450,2.0,1.8,2.2
2025-08-01,2025-08-01 10:31:41.000,IO2508-C-4450,2.0,1.8,2.2
2025-08-01,2025-08-01 10:31:42.500,IO2508-C-4450,2.0,1.8,2.2
2025-08-01,2025-08-01 10:31:48.500,IO2508-C-4450,2.0,1.8,2.2
2025-08-01,2025-08-01 10:31:49.000,IO2508-C-4450,2.0,1.8,2.2
2025-08-01,2025-08-01 10:31:49.500,IO2508-C-4450,2.0,1.8,2.2
2025-08-01,2025-08-01 10:31:50.000,IO2508-C-4450,2.0,1.8,2.2
2025-08-01,2025-08-01 10:31:52.000,IO2508-C-4450,2.0,1.8,2.2
2025-08-01,2025-08-01 10:31:52.500,IO2508-C-4450,2.0,1.8,2.2
2025-08-01,2025-08-01 10:31:53.500,IO2508-C-4450,2.0,1.8,2.2
2025-08-01,2025-08-01 10:31:54.000,IO2508-C-4450,2.0,1.8,2.2
2025-08-01,2025-08-01 10:31:54.500,IO2508-C-4450,2.0,1.8,2.2
2025-08-01,2025-08-01 10:31:55.000,IO2508-C-4450,2.0,1.8,2.2
2025-08-01,2025-08-01 10:31:56.500,IO2508-C-4450,2.0,1.8,2.2
2025-08-01,2025-08-01 10:31:57.000,IO2508-C-4450,2.0,1.8,2.2
2025-08-01,2025-08-01 10:31:57.500,IO2508-C-4450,2.0,1.8,2.2
2025-08-01,2025-08-01 10:31:58.000,IO2508-C-4450,2.0,1.8,2.2
2025-08-01,2025-08-01 10:31:58.500,IO2508-C-4450,2.0,1.8,2.2
2025-08-01,2025-08-01 10:32:00.500,IO2508-C-4450,2.0,1.8,2.2
2025-08-01,2025-08-01 10:32:01.000,IO2508-C-4450,2.0,1.8,2.2
2025-08-01,2025-08-01 10:32:02.000,IO2508-C-4450,2.0,1.8,2.2
2025-08-01,2025-08-01 10:32:02.500,IO2508-C-4450,2.0,1.8,2.2
2025-08-01,2025-08-01 10:32:03.000,IO2508-C-4450,2.0,1.8,2.2
2025-08-01,2025-08-01 10:32:03.500,IO2508-C-4450,2.0,1.8,2.2
2025-08-01,2025-08-01 10:32:04.000,IO2508-C-4450,2.0,1.8,2.2
2025-08-01,2025-08-01 10:32:04.500,IO2508-C-4450,2.0,1.8,2.2
2025-08-01,2025-08-01 10:32:05.000,IO2508-C-4450,2.0,1.8,2.2
2025-08-01,2025-08-01 10:32:06.000,IO2508-C-4450,2.0,1.8,2.2
2025-08-01,2025-08-01 10:32:06.500,IO2508-C-4450,2.0,1.8,2.2
2025-08-01,2025-08-01 10:32:07.000,IO2508-C-4450,2.0,1.8,2.2
2025-08-01,2025-08-01 10:32:08.500,IO2508-C-4450,2.0,1.8,2.2
2025-08-01,2025-08-01 10:32:09.500,IO2508-C-4450,2.0,1.8,2.2
2025-08-01,2025-08-01 10:32:10.000,IO2508-C-4450,2.0,1.8,2.0
2025-08-01,2025-08-01 10:32:10.500,IO2508-C-4450,2.0,1.8,2.0
2025-08-01,2025-08-01 10:32:11.000,IO2508-C-4450,2.0,1.8,2.0
2025-08-01,2025-08-01 10:32:11.500,IO2508-C-4450,2.0,1.8,2.0
2025-08-01,2025-08-01 10:32:15.000,IO2508-C-4450,2.0,1.8,2.0
2025-08-01,2025-08-01 10:32:28.500,IO2508-C-4450,2.0,1.8,2.0
2025-08-01,2025-08-01 10:32:29.000,IO2508-C-4450,2.0,1.8,2.0
2025-08-01,2025-08-01 10:32:32.000,IO2508-C-4450,2.0,1.8,2.0
2025-08-01,2025-08-01 10:32:36.500,IO2508-C-4450,2.0,1.8,2.0
2025-08-01,2025-08-01 10:32:37.000,IO2508-C-4450,2.0,1.8,2.0
2025-08-01,2025-08-01 10:32:48.500,IO2508-C-4450,2.0,1.8,2.0
2025-08-01,2025-08-01 10:32:53.000,IO2508-C-4450,2.0,1.8,2.0
2025-08-01,2025-08-01 10:32:53.500,IO2508-C-4450,2.0,1.8,2.0
2025-08-01,2025-08-01 10:32:54.000,IO2508-C-4450,2.0,1.8,2.0
2025-08-01,2025-08-01 10:32:54.500,IO2508-C-4450,2.0,1.8,2.0
2025-08-01,2025-08-01 10:32:55.000,IO2508-C-4450,2.0,1.8,2.0
2025-08-01,2025-08-01 10:32:55.500,IO2508-C-4450,2.0,1.8,2.0
2025-08-01,2025-08-01 10:32:57.000,IO2508-C-4450,2.0,1.8,2.0
2025-08-01,2025-08-01 10:33:02.000,IO2508-C-4450,2.0,1.8,2.0
2025-08-01,2025-08-01 10:33:06.500,IO2508-C-4450,2.0,1.8,2.0
2025-08-01,2025-08-01 10:33:07.000,IO2508-C-4450,2.0,1.8,2.0
2025-08-01,2025-08-01 10:33:09.500,IO2508-C-4450,2.0,1.8,2.0
2025-08-01,2025-08-01 10:33:10.000,IO2508-C-4450,2.0,1.8,2.0
2025-08-01,2025-08-01 10:33:10.500,IO2508-C-4450,2.0,1.8,2.0
2025-08-01,2025-08-01 10:33:13.000,IO2508-C-4450,2.0,1.8,2.0
2025-08-01,2025-08-01 10:33:13.500,IO2508-C-4450,2.0,1.8,2.0
2025-08-01,2025-08-01 10:33:17.000,IO2508-C-4450,2.0,1.8,2.0
2025-08-01,2025-08-01 10:33:18.500,IO2508-C-4450,2.0,1.8,2.0
2025-08-01,2025-08-01 10:33:19.000,IO2508-C-4450,2.0,1.8,2.0
2025-08-01,2025-08-01 10:33:36.500,IO2508-C-4450,2.0,1.8,2.0
2025-08-01,2025-08-01 10:33:37.000,IO2508-C-4450,2.0,1.8,2.0
2025-08-01,2025-08-01 10:33:42.500,IO2508-C-4450,2.0,1.8,2.0
2025-08-01,2025-08-01 10:33:54.000,IO2508-C-4450,2.0,1.8,2.2
2025-08-01,2025-08-01 10:33:54.500,IO2508-C-4450,2.0,1.8,2.2
2025-08-01,2025-08-01 10:33:55.000,IO2508-C-4450,2.0,1.8,2.2
2025-08-01,2025-08-01 10:34:00.000,IO2508-C-4450,2.0,1.8,2.2
2025-08-01,2025-08-01 10:34:00.500,IO2508-C-4450,2.0,1.8,2.2
2025-08-01,2025-08-01 10:34:01.000,IO2508-C-4450,2.0,1.8,2.2
2025-08-01,2025-08-01 10:34:01.500,IO2508-C-4450,2.0,1.8,2.2
2025-08-01,2025-08-01 10:34:06.500,IO2508-C-4450,2.0,1.8,2.2
2025-08-01,2025-08-01 10:34:07.000,IO2508-C-4450,2.0,1.8,2.2
2025-08-01,2025-08-01 10:34:09.500,IO2508-C-4450,2.0,1.8,2.2
2025-08-01,2025-08-01 10:34:10.000,IO2508-C-4450,2.0,1.8,2.2
2025-08-01,2025-08-01 10:34:11.500,IO2508-C-4450,2.0,1.8,2.2
2025-08-01,2025-08-01 10:34:14.000,IO2508-C-4450,2.0,1.8,2.0
2025-08-01,2025-08-01 10:34:14.500,IO2508-C-4450,2.0,1.8,2.0
2025-08-01,2025-08-01 10:34:15.000,IO2508-C-4450,2.0,1.8,2.0
2025-08-01,2025-08-01 10:34:20.500,IO2508-C-4450,2.0,1.8,2.0
2025-08-01,2025-08-01 10:34:23.000,IO2508-C-4450,2.0,1.8,2.0
2025-08-01,2025-08-01 10:34:23.500,IO2508-C-4450,2.0,1.8,2.0
2025-08-01,2025-08-01 10:34:24.000,IO2508-C-4450,2.0,1.8,2.0
2025-08-01,2025-08-01 10:34:24.500,IO2508-C-4450,2.0,1.8,2.0
2025-08-01,2025-08-01 10:34:36.500,IO2508-C-4450,2.0,1.8,2.0
2025-08-01,2025-08-01 10:34:37.000,IO2508-C-4450,2.0,1.8,2.0
2025-08-01,2025-08-01 10:34:39.500,IO2508-C-4450,2.0,1.8,2.0
2025-08-01,2025-08-01 10:34:59.000,IO2508-C-4450,2.0,1.8,2.0
2025-08-01,2025-08-01 10:34:59.500,IO2508-C-4450,2.0,1.8,2.0
2025-08-01,2025-08-01 10:35:01.500,IO2508-C-4450,2.0,1.8,2.0
2025-08-01,2025-08-01 10:35:04.500,IO2508-C-4450,2.0,1.8,2.0
2025-08-01,2025-08-01 10:35:06.500,IO2508-C-4450,2.0,1.8,2.0
2025-08-01,2025-08-01 10:35:07.000,IO2508-C-4450,2.0,1.8,2.0
2025-08-01,2025-08-01 10:35:24.000,IO2508-C-4450,2.0,1.8,2.0
2025-08-01,2025-08-01 10:35:25.000,IO2508-C-4450,2.0,1.8,2.0
2025-08-01,2025-08-01 10:35:25.500,IO2508-C-4450,2.0,1.8,2.0
2025-08-01,2025-08-01 10:35:26.000,IO2508-C-4450,2.0,1.8,2.0
2025-08-01,2025-08-01 10:35:27.000,IO2508-C-4450,2.0,1.8,2.0
2025-08-01,2025-08-01 10:35:29.000,IO2508-C-4450,2.0,1.8,2.0
2025-08-01,2025-08-01 10:35:30.000,IO2508-C-4450,2.0,1.8,2.0
2025-08-01,2025-08-01 10:35:36.000,IO2508-C-4450,2.0,1.8,2.0
2025-08-01,2025-08-01 10:35:36.500,IO2508-C-4450,2.0,1.8,2.0
2025-08-01,2025-08-01 10:35:37.000,IO2508-C-4450,2.0,1.8,2.0
2025-08-01,2025-08-01 10:35:53.500,IO2508-C-4450,2.0,1.8,2.0
2025-08-01,2025-08-01 10:35:55.000,IO2508-C-4450,2.0,1.8,2.0
2025-08-01,2025-08-01 10:36:01.000,IO2508-C-4450,2.0,1.8,2.0
2025-08-01,2025-08-01 10:36:06.500,IO2508-C-4450,2.0,1.8,2.0
2025-08-01,2025-08-01 10:36:07.000,IO2508-C-4450,2.0,1.8,2.0
2025-08-01,2025-08-01 10:36:11.000,IO2508-C-4450,2.0,1.8,2.0
2025-08-01,2025-08-01 10:36:11.500,IO2508-C-4450,2.0,1.8,2.0
2025-08-01,2025-08-01 10:36:17.000,IO2508-C-4450,2.0,1.8,2.0
2025-08-01,2025-08-01 10:36:36.500,IO2508-C-4450,2.0,1.8,2.0
2025-08-01,2025-08-01 10:36:37.000,IO2508-C-4450,2.0,1.8,2.0
2025-08-01,2025-08-01 10:37:06.500,IO2508-C-4450,2.0,1.8,2.0
2025-08-01,2025-08-01 10:37:07.000,IO2508-C-4450,2.0,1.8,2.0
2025-08-01,2025-08-01 10:37:36.500,IO2508-C-4450,2.0,1.8,2.0
2025-08-01,2025-08-01 10:37:37.000,IO2508-C-4450,2.0,1.8,2.0
2025-08-01,2025-08-01 10:38:06.500,IO2508-C-4450,2.0,1.8,2.0
2025-08-01,2025-08-01 10:38:07.000,IO2508-C-4450,2.0,1.8,2.2
2025-08-01,2025-08-01 10:38:07.500,IO2508-C-4450,2.0,1.8,2.2
2025-08-01,2025-08-01 10:38:08.000,IO2508-C-4450,2.0,1.8,2.2
2025-08-01,2025-08-01 10:38:12.500,IO2508-C-4450,2.0,1.8,2.2
2025-08-01,2025-08-01 10:38:14.000,IO2508-C-4450,2.0,1.8,2.2
2025-08-01,2025-08-01 10:38:14.500,IO2508-C-4450,2.0,1.8,2.2
2025-08-01,2025-08-01 10:38:29.000,IO2508-C-4450,2.0,1.8,2.2
2025-08-01,2025-08-01 10:38:29.500,IO2508-C-4450,2.0,1.8,2.2
2025-08-01,2025-08-01 10:38:33.000,IO2508-C-4450,2.0,1.8,2.2
2025-08-01,2025-08-01 10:38:33.500,IO2508-C-4450,2.0,1.8,2.2
2025-08-01,2025-08-01 10:38:34.000,IO2508-C-4450,2.0,1.8,2.2
2025-08-01,2025-08-01 10:38:34.500,IO2508-C-4450,2.0,1.8,2.2
2025-08-01,2025-08-01 10:38:36.500,IO2508-C-4450,2.0,1.8,2.2
2025-08-01,2025-08-01 10:38:37.000,IO2508-C-4450,2.0,1.8,2.2
2025-08-01,2025-08-01 10:38:37.500,IO2508-C-4450,2.0,1.8,2.2
2025-08-01,2025-08-01 10:38:38.000,IO2508-C-4450,2.0,1.8,2.2
2025-08-01,2025-08-01 10:38:39.000,IO2508-C-4450,2.0,1.8,2.2
2025-08-01,2025-08-01 10:38:39.500,IO2508-C-4450,2.0,1.8,2.2
2025-08-01,2025-08-01 10:38:40.500,IO2508-C-4450,2.0,1.8,2.2
2025-08-01,2025-08-01 10:38:42.000,IO2508-C-4450,2.0,1.8,2.2
2025-08-01,2025-08-01 10:38:43.500,IO2508-C-4450,2.0,1.8,2.2
2025-08-01,2025-08-01 10:38:44.000,IO2508-C-4450,2.0,1.8,2.2
2025-08-01,2025-08-01 10:38:45.000,IO2508-C-4450,2.0,1.8,2.2
2025-08-01,2025-08-01 10:38:45.500,IO2508-C-4450,2.0,1.8,2.2
2025-08-01,2025-08-01 10:38:48.500,IO2508-C-4450,2.0,1.8,2.2
2025-08-01,2025-08-01 10:38:49.000,IO2508-C-4450,2.0,1.8,2.2
2025-08-01,2025-08-01 10:38:49.500,IO2508-C-4450,2.0,1.8,2.2
2025-08-01,2025-08-01 10:38:50.000,IO2508-C-4450,2.0,1.8,2.2
2025-08-01,2025-08-01 10:38:50.500,IO2508-C-4450,2.0,1.8,2.2
2025-08-01,2025-08-01 10:38:51.000,IO2508-C-4450,2.0,1.8,2.2
2025-08-01,2025-08-01 10:38:52.500,IO2508-C-4450,2.0,1.8,2.2
2025-08-01,2025-08-01 10:38:53.000,IO2508-C-4450,2.0,1.8,2.2
2025-08-01,2025-08-01 10:38:53.500,IO2508-C-4450,2.0,1.8,2.2
2025-08-01,2025-08-01 10:38:54.000,IO2508-C-4450,2.0,1.8,2.2
2025-08-01,2025-08-01 10:38:57.000,IO2508-C-4450,2.0,1.8,2.2
2025-08-01,2025-08-01 10:38:58.500,IO2508-C-4450,2.0,1.8,2.2
2025-08-01,2025-08-01 10:39:00.000,IO2508-C-4450,2.0,1.8,2.2
2025-08-01,2025-08-01 10:39:00.500,IO2508-C-4450,2.0,1.8,2.2
2025-08-01,2025-08-01 10:39:06.500,IO2508-C-4450,2.0,1.8,2.2
2025-08-01,2025-08-01 10:39:07.000,IO2508-C-4450,2.0,1.8,2.2
2025-08-01,2025-08-01 10:39:18.000,IO2508-C-4450,2.0,1.8,2.2
2025-08-01,2025-08-01 10:39:18.500,IO2508-C-4450,2.0,1.8,2.2
2025-08-01,2025-08-01 10:39:20.000,IO2508-C-4450,2.0,1.8,2.2
2025-08-01,2025-08-01 10:39:20.500,IO2508-C-4450,2.0,1.8,2.2
2025-08-01,2025-08-01 10:39:22.000,IO2508-C-4450,2.0,1.8,2.2
2025-08-01,2025-08-01 10:39:22.500,IO2508-C-4450,2.0,1.8,2.2
2025-08-01,2025-08-01 10:39:24.000,IO2508-C-4450,2.0,1.8,2.2
2025-08-01,2025-08-01 10:39:25.000,IO2508-C-4450,2.0,1.8,2.2
2025-08-01,2025-08-01 10:39:25.500,IO2508-C-4450,2.0,1.8,2.2
2025-08-01,2025-08-01 10:39:26.500,IO2508-C-4450,2.0,1.8,2.2
2025-08-01,2025-08-01 10:39:27.000,IO2508-C-4450,2.0,1.8,2.2
2025-08-01,2025-08-01 10:39:31.500,IO2508-C-4450,2.0,1.8,2.2
2025-08-01,2025-08-01 10:39:32.000,IO2508-C-4450,2.0,1.8,2.2
2025-08-01,2025-08-01 10:39:36.500,IO2508-C-4450,2.0,1.8,2.2
2025-08-01,2025-08-01 10:39:37.000,IO2508-C-4450,2.0,1.8,2.2
2025-08-01,2025-08-01 10:39:45.000,IO2508-C-4450,2.0,1.8,2.2
2025-08-01,2025-08-01 10:39:45.500,IO2508-C-4450,2.0,1.8,2.2
2025-08-01,2025-08-01 10:39:49.000,IO2508-C-4450,2.0,1.8,2.2
2025-08-01,2025-08-01 10:39:50.000,IO2508-C-4450,2.0,1.8,2.2
2025-08-01,2025-08-01 10:39:50.500,IO2508-C-4450,2.0,1.8,2.2
2025-08-01,2025-08-01 10:39:51.000,IO2508-C-4450,2.0,1.8,2.2
2025-08-01,2025-08-01 10:39:52.500,IO2508-C-4450,2.0,1.8,2.2
2025-08-01,2025-08-01 10:39:53.500,IO2508-C-4450,2.0,1.8,2.2
2025-08-01,2025-08-01 10:39:54.000,IO2508-C-4450,2.0,1.8,2.2
2025-08-01,2025-08-01 10:39:59.000,IO2508-C-4450,2.0,1.8,2.2
2025-08-01,2025-08-01 10:40:01.500,IO2508-C-4450,2.0,1.8,2.2
2025-08-01,2025-08-01 10:40:02.000,IO2508-C-4450,2.0,1.8,2.2
2025-08-01,2025-08-01 10:40:02.500,IO2508-C-4450,2.2,1.8,2.2
2025-08-01,2025-08-01 10:40:03.500,IO2508-C-4450,2.2,1.8,2.2
2025-08-01,2025-08-01 10:40:04.500,IO2508-C-4450,2.2,1.8,2.2
2025-08-01,2025-08-01 10:40:05.500,IO2508-C-4450,2.2,1.8,2.2
2025-08-01,2025-08-01 10:40:06.500,IO2508-C-4450,2.2,1.8,2.2
2025-08-01,2025-08-01 10:40:07.000,IO2508-C-4450,2.2,1.8,2.2
2025-08-01,2025-08-01 10:40:07.500,IO2508-C-4450,2.2,1.8,2.2
2025-08-01,2025-08-01 10:40:16.500,IO2508-C-4450,2.2,1.8,2.2
2025-08-01,2025-08-01 10:40:17.000,IO2508-C-4450,2.2,1.8,2.2
2025-08-01,2025-08-01 10:40:19.500,IO2508-C-4450,2.2,1.8,2.2
2025-08-01,2025-08-01 10:40:20.500,IO2508-C-4450,2.2,1.8,2.2
2025-08-01,2025-08-01 10:40:22.000,IO2508-C-4450,2.2,1.8,2.2
2025-08-01,2025-08-01 10:40:23.000,IO2508-C-4450,2.2,1.8,2.2
2025-08-01,2025-08-01 10:40:23.500,IO2508-C-4450,2.2,1.8,2.2
2025-08-01,2025-08-01 10:40:30.000,IO2508-C-4450,2.2,1.8,2.2
2025-08-01,2025-08-01 10:40:31.000,IO2508-C-4450,2.2,1.8,2.2
2025-08-01,2025-08-01 10:40:32.000,IO2508-C-4450,2.2,1.8,2.2
2025-08-01,2025-08-01 10:40:34.000,IO2508-C-4450,2.2,1.8,2.2
2025-08-01,2025-08-01 10:40:34.500,IO2508-C-4450,2.2,1.8,2.2
2025-08-01,2025-08-01 10:40:35.000,IO2508-C-4450,2.2,1.8,2.2
2025-08-01,2025-08-01 10:40:35.500,IO2508-C-4450,2.2,1.8,2.2
2025-08-01,2025-08-01 10:40:36.500,IO2508-C-4450,2.2,1.8,2.2
2025-08-01,2025-08-01 10:40:37.000,IO2508-C-4450,2.2,1.8,2.2
2025-08-01,2025-08-01 10:40:39.000,IO2508-C-4450,2.2,1.8,2.2
2025-08-01,2025-08-01 10:40:39.500,IO2508-C-4450,2.2,1.8,2.2
2025-08-01,2025-08-01 10:40:40.500,IO2508-C-4450,2.2,1.8,2.2
2025-08-01,2025-08-01 10:40:41.000,IO2508-C-4450,2.2,1.8,2.2
2025-08-01,2025-08-01 10:40:42.000,IO2508-C-4450,2.2,1.8,2.2
2025-08-01,2025-08-01 10:40:42.500,IO2508-C-4450,2.2,1.8,2.2
2025-08-01,2025-08-01 10:40:44.000,IO2508-C-4450,2.2,1.8,2.2
2025-08-01,2025-08-01 10:40:44.500,IO2508-C-4450,2.2,1.8,2.2
2025-08-01,2025-08-01 10:40:51.500,IO2508-C-4450,2.2,1.8,2.2
2025-08-01,2025-08-01 10:40:53.500,IO2508-C-4450,2.2,1.8,2.2
2025-08-01,2025-08-01 10:40:54.500,IO2508-C-4450,2.2,1.8,2.2
2025-08-01,2025-08-01 10:40:55.000,IO2508-C-4450,2.2,1.8,2.2
2025-08-01,2025-08-01 10:40:55.500,IO2508-C-4450,2.2,1.8,2.2
2025-08-01,2025-08-01 10:40:57.000,IO2508-C-4450,2.2,1.8,2.2
2025-08-01,2025-08-01 10:40:57.500,IO2508-C-4450,2.2,1.8,2.2
2025-08-01,2025-08-01 10:40:58.000,IO2508-C-4450,2.2,1.8,2.2
2025-08-01,2025-08-01 10:40:58.500,IO2508-C-4450,2.2,1.8,2.2
2025-08-01,2025-08-01 10:40:59.500,IO2508-C-4450,2.2,1.8,2.2
2025-08-01,2025-08-01 10:41:00.000,IO2508-C-4450,2.2,1.8,2.2
2025-08-01,2025-08-01 10:41:00.500,IO2508-C-4450,2.2,1.8,2.2
2025-08-01,2025-08-01 10:41:04.000,IO2508-C-4450,2.2,1.8,2.2
2025-08-01,2025-08-01 10:41:06.500,IO2508-C-4450,2.2,1.8,2.2
2025-08-01,2025-08-01 10:41:07.000,IO2508-C-4450,2.2,1.8,2.2
2025-08-01,2025-08-01 10:41:07.500,IO2508-C-4450,2.2,1.8,2.2
2025-08-01,2025-08-01 10:41:10.500,IO2508-C-4450,2.2,1.8,2.2
2025-08-01,2025-08-01 10:41:11.000,IO2508-C-4450,2.2,1.8,2.2
2025-08-01,2025-08-01 10:41:11.500,IO2508-C-4450,2.2,1.8,2.2
2025-08-01,2025-08-01 10:41:13.000,IO2508-C-4450,2.2,1.8,2.2
2025-08-01,2025-08-01 10:41:17.000,IO2508-C-4450,2.2,1.8,2.2
2025-08-01,2025-08-01 10:41:17.500,IO2508-C-4450,2.2,1.8,2.2
2025-08-01,2025-08-01 10:41:21.000,IO2508-C-4450,2.2,1.8,2.2
2025-08-01,2025-08-01 10:41:21.500,IO2508-C-4450,2.2,1.8,2.2
2025-08-01,2025-08-01 10:41:36.000,IO2508-C-4450,2.2,1.8,2.2
2025-08-01,2025-08-01 10:41:36.500,IO2508-C-4450,2.2,1.8,2.2
2025-08-01,2025-08-01 10:41:37.000,IO2508-C-4450,2.2,1.8,2.2
2025-08-01,2025-08-01 10:41:41.000,IO2508-C-4450,2.2,1.8,2.2
2025-08-01,2025-08-01 10:41:41.500,IO2508-C-4450,2.2,1.8,2.2
2025-08-01,2025-08-01 10:41:42.000,IO2508-C-4450,2.2,1.8,2.2
2025-08-01,2025-08-01 10:41:45.000,IO2508-C-4450,2.2,1.8,2.0
2025-08-01,2025-08-01 10:41:45.500,IO2508-C-4450,2.2,1.8,2.0
2025-08-01,2025-08-01 10:41:46.000,IO2508-C-4450,2.2,1.8,2.0
2025-08-01,2025-08-01 10:41:53.000,IO2508-C-4450,2.2,1.8,2.0
2025-08-01,2025-08-01 10:42:06.500,IO2508-C-4450,2.2,1.8,2.0
2025-08-01,2025-08-01 10:42:07.000,IO2508-C-4450,2.2,1.8,2.0
2025-08-01,2025-08-01 10:42:08.500,IO2508-C-4450,2.2,1.8,2.2
2025-08-01,2025-08-01 10:42:09.000,IO2508-C-4450,2.2,1.8,2.2
2025-08-01,2025-08-01 10:42:09.500,IO2508-C-4450,2.2,1.8,2.2
2025-08-01,2025-08-01 10:42:13.500,IO2508-C-4450,2.2,1.8,2.2
2025-08-01,2025-08-01 10:42:14.000,IO2508-C-4450,2.2,1.8,2.2
2025-08-01,2025-08-01 10:42:14.500,IO2508-C-4450,2.2,1.8,2.2
2025-08-01,2025-08-01 10:42:15.500,IO2508-C-4450,2.2,1.8,2.2
2025-08-01,2025-08-01 10:42:16.000,IO2508-C-4450,2.2,1.8,2.2
2025-08-01,2025-08-01 10:42:18.500,IO2508-C-4450,2.2,1.8,2.2
2025-08-01,2025-08-01 10:42:19.000,IO2508-C-4450,2.2,1.8,2.2
2025-08-01,2025-08-01 10:42:22.000,IO2508-C-4450,2.2,1.8,2.2
2025-08-01,2025-08-01 10:42:23.000,IO2508-C-4450,2.2,1.8,2.2
2025-08-01,2025-08-01 10:42:24.000,IO2508-C-4450,2.2,1.8,2.2
2025-08-01,2025-08-01 10:42:24.500,IO2508-C-4450,2.2,1.8,2.2
2025-08-01,2025-08-01 10:42:27.000,IO2508-C-4450,2.2,1.8,2.2
2025-08-01,2025-08-01 10:42:29.500,IO2508-C-4450,2.2,1.8,2.2
2025-08-01,2025-08-01 10:42:30.000,IO2508-C-4450,2.2,1.8,2.2
2025-08-01,2025-08-01 10:42:31.000,IO2508-C-4450,2.2,1.8,2.2
2025-08-01,2025-08-01 10:42:31.500,IO2508-C-4450,2.2,1.8,2.2
2025-08-01,2025-08-01 10:42:32.000,IO2508-C-4450,2.2,1.8,2.2
2025-08-01,2025-08-01 10:42:32.500,IO2508-C-4450,2.2,1.8,2.2
2025-08-01,2025-08-01 10:42:33.000,IO2508-C-4450,2.2,1.8,2.2
2025-08-01,2025-08-01 10:42:34.500,IO2508-C-4450,2.2,1.8,2.2
2025-08-01,2025-08-01 10:42:35.000,IO2508-C-4450,2.2,1.8,2.2
2025-08-01,2025-08-01 10:42:36.500,IO2508-C-4450,2.2,1.8,2.2
2025-08-01,2025-08-01 10:42:37.000,IO2508-C-4450,2.2,1.8,2.2
2025-08-01,2025-08-01 10:42:37.500,IO2508-C-4450,2.2,1.8,2.2
2025-08-01,2025-08-01 10:42:38.000,IO2508-C-4450,2.2,1.8,2.2
2025-08-01,2025-08-01 10:42:43.500,IO2508-C-4450,2.2,1.8,2.2
2025-08-01,2025-08-01 10:42:44.000,IO2508-C-4450,2.2,1.8,2.2
2025-08-01,2025-08-01 10:42:49.000,IO2508-C-4450,2.2,1.8,2.2
2025-08-01,2025-08-01 10:42:49.500,IO2508-C-4450,2.2,1.8,2.2
2025-08-01,2025-08-01 10:42:50.000,IO2508-C-4450,2.2,1.8,2.2
2025-08-01,2025-08-01 10:42:50.500,IO2508-C-4450,2.2,1.8,2.2
2025-08-01,2025-08-01 10:42:51.000,IO2508-C-4450,2.2,1.8,2.2
2025-08-01,2025-08-01 10:42:51.500,IO2508-C-4450,2.2,1.8,2.2
2025-08-01,2025-08-01 10:42:52.000,IO2508-C-4450,2.2,1.8,2.2
2025-08-01,2025-08-01 10:42:52.500,IO2508-C-4450,2.2,1.8,2.2
2025-08-01,2025-08-01 10:42:53.000,IO2508-C-4450,2.2,1.8,2.2
2025-08-01,2025-08-01 10:42:56.500,IO2508-C-4450,2.2,1.8,2.2
2025-08-01,2025-08-01 10:42:57.000,IO2508-C-4450,2.2,1.8,2.2
2025-08-01,2025-08-01 10:42:57.500,IO2508-C-4450,2.2,1.8,2.2
2025-08-01,2025-08-01 10:42:59.500,IO2508-C-4450,2.2,1.8,2.2
2025-08-01,2025-08-01 10:43:00.000,IO2508-C-4450,2.2,1.8,2.2
2025-08-01,2025-08-01 10:43:00.500,IO2508-C-4450,2.2,1.8,2.2
2025-08-01,2025-08-01 10:43:01.000,IO2508-C-4450,2.2,1.8,2.2
2025-08-01,2025-08-01 10:43:05.000,IO2508-C-4450,2.2,1.8,2.2
2025-08-01,2025-08-01 10:43:06.000,IO2508-C-4450,2.2,1.8,2.2
2025-08-01,2025-08-01 10:43:06.500,IO2508-C-4450,2.2,1.8,2.2
2025-08-01,2025-08-01 10:43:07.000,IO2508-C-4450,2.2,1.8,2.2
2025-08-01,2025-08-01 10:43:08.500,IO2508-C-4450,2.2,1.8,2.2
2025-08-01,2025-08-01 10:43:09.000,IO2508-C-4450,2.2,1.8,2.2
2025-08-01,2025-08-01 10:43:10.000,IO2508-C-4450,2.2,1.8,2.2
2025-08-01,2025-08-01 10:43:11.000,IO2508-C-4450,2.2,1.8,2.2
2025-08-01,2025-08-01 10:43:11.500,IO2508-C-4450,2.2,1.8,2.2
2025-08-01,2025-08-01 10:43:12.500,IO2508-C-4450,2.2,1.8,2.2
2025-08-01,2025-08-01 10:43:13.000,IO2508-C-4450,2.2,1.8,2.2
2025-08-01,2025-08-01 10:43:17.500,IO2508-C-4450,2.2,1.8,2.2
2025-08-01,2025-08-01 10:43:18.500,IO2508-C-4450,2.2,1.8,2.2
2025-08-01,2025-08-01 10:43:22.000,IO2508-C-4450,2.2,1.8,2.2
2025-08-01,2025-08-01 10:43:23.000,IO2508-C-4450,2.2,1.8,2.2
2025-08-01,2025-08-01 10:43:24.000,IO2508-C-4450,2.2,1.8,2.2
2025-08-01,2025-08-01 10:43:24.500,IO2508-C-4450,2.2,1.8,2.2
2025-08-01,2025-08-01 10:43:28.500,IO2508-C-4450,2.2,1.8,2.2
2025-08-01,2025-08-01 10:43:29.500,IO2508-C-4450,2.2,1.8,2.2
2025-08-01,2025-08-01 10:43:30.500,IO2508-C-4450,2.2,1.8,2.2
2025-08-01,2025-08-01 10:43:31.500,IO2508-C-4450,2.2,1.8,2.2
2025-08-01,2025-08-01 10:43:32.000,IO2508-C-4450,2.2,1.8,2.2
2025-08-01,2025-08-01 10:43:35.000,IO2508-C-4450,2.2,1.8,2.2
2025-08-01,2025-08-01 10:43:35.500,IO2508-C-4450,2.2,1.8,2.2
2025-08-01,2025-08-01 10:43:36.500,IO2508-C-4450,2.2,1.8,2.2
2025-08-01,2025-08-01 10:43:37.000,IO2508-C-4450,2.2,1.8,2.2
2025-08-01,2025-08-01 10:43:37.500,IO2508-C-4450,2.2,1.8,2.2
2025-08-01,2025-08-01 10:43:38.000,IO2508-C-4450,2.2,1.8,2.2
2025-08-01,2025-08-01 10:43:39.500,IO2508-C-4450,2.2,1.8,2.2
2025-08-01,2025-08-01 10:43:40.000,IO2508-C-4450,2.2,1.8,2.2
2025-08-01,2025-08-01 10:43:44.000,IO2508-C-4450,2.2,1.8,2.2
2025-08-01,2025-08-01 10:43:44.500,IO2508-C-4450,2.2,1.8,2.0
2025-08-01,2025-08-01 10:43:45.000,IO2508-C-4450,2.2,1.8,2.0
2025-08-01,2025-08-01 10:43:45.500,IO2508-C-4450,2.2,1.8,2.0
2025-08-01,2025-08-01 10:43:46.500,IO2508-C-4450,2.2,1.8,2.0
2025-08-01,2025-08-01 10:43:47.000,IO2508-C-4450,2.2,1.8,2.0
2025-08-01,2025-08-01 10:44:06.500,IO2508-C-4450,2.2,1.8,2.0
2025-08-01,2025-08-01 10:44:07.000,IO2508-C-4450,2.2,1.8,2.0
2025-08-01,2025-08-01 10:44:26.500,IO2508-C-4450,2.2,1.8,2.0
2025-08-01,2025-08-01 10:44:27.000,IO2508-C-4450,2.2,1.8,2.0
2025-08-01,2025-08-01 10:44:36.500,IO2508-C-4450,2.2,1.8,2.0
2025-08-01,2025-08-01 10:44:37.000,IO2508-C-4450,2.2,1.8,2.0
2025-08-01,2025-08-01 10:44:50.000,IO2508-C-4450,2.2,1.8,2.0
2025-08-01,2025-08-01 10:44:55.000,IO2508-C-4450,2.2,1.8,2.0
2025-08-01,2025-08-01 10:45:06.500,IO2508-C-4450,2.2,1.8,2.0
2025-08-01,2025-08-01 10:45:07.000,IO2508-C-4450,2.2,1.8,2.0
2025-08-01,2025-08-01 10:45:27.000,IO2508-C-4450,2.2,1.8,2.0
2025-08-01,2025-08-01 10:45:36.500,IO2508-C-4450,2.2,1.8,2.0
2025-08-01,2025-08-01 10:45:37.000,IO2508-C-4450,2.2,1.8,2.0
2025-08-01,2025-08-01 10:45:39.500,IO2508-C-4450,2.2,1.8,2.0
2025-08-01,2025-08-01 10:45:40.500,IO2508-C-4450,2.0,1.8,2.0
2025-08-01,2025-08-01 10:45:41.500,IO2508-C-4450,2.0,1.8,2.0
2025-08-01,2025-08-01 10:45:42.000,IO2508-C-4450,2.0,1.8,2.0
2025-08-01,2025-08-01 10:45:52.000,IO2508-C-4450,2.0,1.8,2.0
2025-08-01,2025-08-01 10:45:57.500,IO2508-C-4450,2.0,1.8,2.0
2025-08-01,2025-08-01 10:45:58.000,IO2508-C-4450,2.0,1.8,2.0
2025-08-01,2025-08-01 10:46:02.500,IO2508-C-4450,2.0,1.8,2.0
2025-08-01,2025-08-01 10:46:06.000,IO2508-C-4450,2.0,1.8,2.0
2025-08-01,2025-08-01 10:46:06.500,IO2508-C-4450,2.0,1.8,2.0
2025-08-01,2025-08-01 10:46:07.000,IO2508-C-4450,2.0,1.8,2.0
2025-08-01,2025-08-01 10:46:08.000,IO2508-C-4450,2.0,1.8,2.0
2025-08-01,2025-08-01 10:46:19.000,IO2508-C-4450,2.0,1.8,2.0
2025-08-01,2025-08-01 10:46:34.500,IO2508-C-4450,2.0,1.8,2.0
2025-08-01,2025-08-01 10:46:36.000,IO2508-C-4450,2.0,1.8,2.0
2025-08-01,2025-08-01 10:46:36.500,IO2508-C-4450,2.0,1.8,2.0
2025-08-01,2025-08-01 10:46:37.000,IO2508-C-4450,2.0,1.8,2.0
2025-08-01,2025-08-01 10:46:39.000,IO2508-C-4450,2.0,1.8,2.0
2025-08-01,2025-08-01 10:46:43.500,IO2508-C-4450,2.0,1.8,2.0
2025-08-01,2025-08-01 10:46:44.000,IO2508-C-4450,2.0,1.8,2.0
2025-08-01,2025-08-01 10:46:44.500,IO2508-C-4450,2.0,1.8,2.0
2025-08-01,2025-08-01 10:46:45.000,IO2508-C-4450,2.0,1.8,2.0
2025-08-01,2025-08-01 10:46:58.000,IO2508-C-4450,2.0,1.8,2.0
2025-08-01,2025-08-01 10:47:06.500,IO2508-C-4450,2.0,1.8,2.0
2025-08-01,2025-08-01 10:47:07.000,IO2508-C-4450,2.0,1.8,2.0
2025-08-01,2025-08-01 10:47:15.000,IO2508-C-4450,2.0,1.8,2.0
2025-08-01,2025-08-01 10:47:15.500,IO2508-C-4450,2.0,1.8,2.0
2025-08-01,2025-08-01 10:47:31.500,IO2508-C-4450,1.8,1.8,2.0
2025-08-01,2025-08-01 10:47:32.500,IO2508-C-4450,1.8,1.8,2.0
2025-08-01,2025-08-01 10:47:33.500,IO2508-C-4450,1.8,1.8,2.0
2025-08-01,2025-08-01 10:47:34.000,IO2508-C-4450,1.8,1.8,2.0
2025-08-01,2025-08-01 10:47:35.000,IO2508-C-4450,1.8,1.8,2.0
2025-08-01,2025-08-01 10:47:35.500,IO2508-C-4450,1.8,1.8,2.0
2025-08-01,2025-08-01 10:47:36.000,IO2508-C-4450,1.8,1.8,2.0
2025-08-01,2025-08-01 10:47:36.500,IO2508-C-4450,1.8,1.8,2.0
2025-08-01,2025-08-01 10:47:37.000,IO2508-C-4450,1.8,1.8,2.0
2025-08-01,2025-08-01 10:47:38.000,IO2508-C-4450,1.8,1.8,2.0
2025-08-01,2025-08-01 10:47:38.500,IO2508-C-4450,1.8,1.6,2.0
2025-08-01,2025-08-01 10:47:39.000,IO2508-C-4450,1.8,1.6,2.0
2025-08-01,2025-08-01 10:47:39.500,IO2508-C-4450,1.8,1.6,1.8
2025-08-01,2025-08-01 10:47:40.000,IO2508-C-4450,1.8,1.6,1.8
2025-08-01,2025-08-01 10:47:42.500,IO2508-C-4450,1.8,1.6,1.8
2025-08-01,2025-08-01 10:47:45.000,IO2508-C-4450,1.8,1.6,1.8
2025-08-01,2025-08-01 10:47:45.500,IO2508-C-4450,1.8,1.6,1.8
2025-08-01,2025-08-01 10:47:46.500,IO2508-C-4450,1.8,1.6,1.8
2025-08-01,2025-08-01 10:47:49.500,IO2508-C-4450,1.8,1.6,1.8
2025-08-01,2025-08-01 10:47:50.000,IO2508-C-4450,1.8,1.6,1.8
2025-08-01,2025-08-01 10:47:50.500,IO2508-C-4450,1.8,1.6,1.8
2025-08-01,2025-08-01 10:47:53.000,IO2508-C-4450,1.8,1.6,1.8
2025-08-01,2025-08-01 10:47:54.000,IO2508-C-4450,1.8,1.6,1.8
2025-08-01,2025-08-01 10:48:06.500,IO2508-C-4450,1.8,1.6,1.8
2025-08-01,2025-08-01 10:48:07.000,IO2508-C-4450,1.8,1.6,1.8
2025-08-01,2025-08-01 10:48:24.500,IO2508-C-4450,1.8,1.6,1.8
2025-08-01,2025-08-01 10:48:25.000,IO2508-C-4450,1.6,1.6,1.8
2025-08-01,2025-08-01 10:48:25.500,IO2508-C-4450,1.6,1.6,1.8
2025-08-01,2025-08-01 10:48:31.500,IO2508-C-4450,1.6,1.6,1.8
2025-08-01,2025-08-01 10:48:35.000,IO2508-C-4450,1.6,1.6,1.8
2025-08-01,2025-08-01 10:48:35.500,IO2508-C-4450,1.6,1.6,1.8
2025-08-01,2025-08-01 10:48:36.000,IO2508-C-4450,1.6,1.6,1.8
2025-08-01,2025-08-01 10:48:36.500,IO2508-C-4450,1.6,1.6,1.8
2025-08-01,2025-08-01 10:48:37.000,IO2508-C-4450,1.6,1.6,1.8
2025-08-01,2025-08-01 10:48:37.500,IO2508-C-4450,1.6,1.6,1.8
2025-08-01,2025-08-01 10:49:06.500,IO2508-C-4450,1.6,1.6,1.8
2025-08-01,2025-08-01 10:49:07.000,IO2508-C-4450,1.6,1.6,1.8
2025-08-01,2025-08-01 10:49:14.500,IO2508-C-4450,1.6,1.6,1.8
2025-08-01,2025-08-01 10:49:20.000,IO2508-C-4450,1.6,1.6,1.8
2025-08-01,2025-08-01 10:49:20.500,IO2508-C-4450,1.6,1.6,1.8
2025-08-01,2025-08-01 10:49:22.500,IO2508-C-4450,1.6,1.6,1.8
2025-08-01,2025-08-01 10:49:33.000,IO2508-C-4450,1.6,1.6,1.8
2025-08-01,2025-08-01 10:49:35.000,IO2508-C-4450,1.8,1.6,1.8
2025-08-01,2025-08-01 10:49:35.500,IO2508-C-4450,1.8,1.8,2.0
2025-08-01,2025-08-01 10:49:36.000,IO2508-C-4450,1.8,1.8,2.0
2025-08-01,2025-08-01 10:49:36.500,IO2508-C-4450,1.8,1.8,2.0
2025-08-01,2025-08-01 10:49:37.000,IO2508-C-4450,1.8,1.8,2.0
2025-08-01,2025-08-01 10:49:37.500,IO2508-C-4450,1.8,1.8,2.0
2025-08-01,2025-08-01 10:49:38.000,IO2508-C-4450,1.8,1.8,2.0
2025-08-01,2025-08-01 10:49:38.500,IO2508-C-4450,1.8,1.8,2.0
2025-08-01,2025-08-01 10:49:47.000,IO2508-C-4450,1.8,1.8,2.0
2025-08-01,2025-08-01 10:49:47.500,IO2508-C-4450,1.8,1.8,2.0
2025-08-01,2025-08-01 10:49:49.000,IO2508-C-4450,1.8,1.8,2.0
2025-08-01,2025-08-01 10:49:54.000,IO2508-C-4450,1.8,1.8,2.0
2025-08-01,2025-08-01 10:50:03.500,IO2508-C-4450,1.8,1.8,2.0
2025-08-01,2025-08-01 10:50:06.500,IO2508-C-4450,1.8,1.8,2.0
2025-08-01,2025-08-01 10:50:07.000,IO2508-C-4450,1.8,1.8,2.0
2025-08-01,2025-08-01 10:50:24.000,IO2508-C-4450,1.8,1.8,2.0
2025-08-01,2025-08-01 10:50:24.500,IO2508-C-4450,1.8,1.8,2.0
2025-08-01,2025-08-01 10:50:36.500,IO2508-C-4450,1.8,1.8,2.0
2025-08-01,2025-08-01 10:50:37.000,IO2508-C-4450,1.8,1.8,2.0
2025-08-01,2025-08-01 10:50:37.500,IO2508-C-4450,1.8,1.8,2.0
2025-08-01,2025-08-01 10:50:40.000,IO2508-C-4450,1.8,1.8,2.0
2025-08-01,2025-08-01 10:50:40.500,IO2508-C-4450,1.8,1.8,2.0
2025-08-01,2025-08-01 10:50:53.500,IO2508-C-4450,1.8,1.8,2.0
2025-08-01,2025-08-01 10:50:54.000,IO2508-C-4450,1.8,1.8,2.0
2025-08-01,2025-08-01 10:50:59.000,IO2508-C-4450,1.8,1.8,2.0
2025-08-01,2025-08-01 10:50:59.500,IO2508-C-4450,1.8,1.8,2.0
2025-08-01,2025-08-01 10:51:00.000,IO2508-C-4450,1.8,1.8,2.0
2025-08-01,2025-08-01 10:51:03.000,IO2508-C-4450,1.8,1.8,2.0
2025-08-01,2025-08-01 10:51:03.500,IO2508-C-4450,1.8,1.8,2.0
2025-08-01,2025-08-01 10:51:06.500,IO2508-C-4450,1.8,1.8,2.0
2025-08-01,2025-08-01 10:51:07.000,IO2508-C-4450,1.8,1.8,2.0
2025-08-01,2025-08-01 10:51:08.000,IO2508-C-4450,1.8,1.8,2.0
2025-08-01,2025-08-01 10:51:25.000,IO2508-C-4450,1.8,1.8,2.0
2025-08-01,2025-08-01 10:51:25.500,IO2508-C-4450,1.8,1.8,2.0
2025-08-01,2025-08-01 10:51:36.500,IO2508-C-4450,1.8,1.8,2.0
2025-08-01,2025-08-01 10:51:37.000,IO2508-C-4450,1.8,1.8,2.0
2025-08-01,2025-08-01 10:51:58.000,IO2508-C-4450,1.8,1.6,2.0
2025-08-01,2025-08-01 10:51:58.500,IO2508-C-4450,1.8,1.6,2.0
2025-08-01,2025-08-01 10:51:59.000,IO2508-C-4450,1.8,1.6,2.0
2025-08-01,2025-08-01 10:52:00.000,IO2508-C-4450,1.8,1.6,2.0
2025-08-01,2025-08-01 10:52:06.500,IO2508-C-4450,1.8,1.6,2.0
2025-08-01,2025-08-01 10:52:07.000,IO2508-C-4450,1.8,1.6,2.0
2025-08-01,2025-08-01 10:52:08.500,IO2508-C-4450,1.8,1.6,1.8
2025-08-01,2025-08-01 10:52:09.000,IO2508-C-4450,1.8,1.6,1.8
2025-08-01,2025-08-01 10:52:09.500,IO2508-C-4450,1.8,1.6,1.8
2025-08-01,2025-08-01 10:52:12.000,IO2508-C-4450,1.8,1.6,1.8
2025-08-01,2025-08-01 10:52:12.500,IO2508-C-4450,1.8,1.6,1.8
2025-08-01,2025-08-01 10:52:20.000,IO2508-C-4450,1.8,1.6,1.8
2025-08-01,2025-08-01 10:52:22.000,IO2508-C-4450,1.8,1.6,1.8
2025-08-01,2025-08-01 10:52:22.500,IO2508-C-4450,1.8,1.6,1.8
2025-08-01,2025-08-01 10:52:23.000,IO2508-C-4450,1.8,1.6,1.8
2025-08-01,2025-08-01 10:52:23.500,IO2508-C-4450,1.8,1.6,1.8
2025-08-01,2025-08-01 10:52:24.500,IO2508-C-4450,1.8,1.6,1.8
2025-08-01,2025-08-01 10:52:36.500,IO2508-C-4450,1.8,1.6,1.8
2025-08-01,2025-08-01 10:52:37.000,IO2508-C-4450,1.8,1.6,1.8
2025-08-01,2025-08-01 10:52:46.000,IO2508-C-4450,1.8,1.6,1.8
2025-08-01,2025-08-01 10:52:52.500,IO2508-C-4450,1.8,1.6,1.8
2025-08-01,2025-08-01 10:52:53.000,IO2508-C-4450,1.8,1.6,1.8
2025-08-01,2025-08-01 10:52:53.500,IO2508-C-4450,1.8,1.6,1.8
2025-08-01,2025-08-01 10:52:56.000,IO2508-C-4450,1.8,1.6,1.8
2025-08-01,2025-08-01 10:53:06.500,IO2508-C-4450,1.8,1.6,1.8
2025-08-01,2025-08-01 10:53:07.000,IO2508-C-4450,1.8,1.6,1.8
2025-08-01,2025-08-01 10:53:08.000,IO2508-C-4450,1.8,1.6,1.8
2025-08-01,2025-08-01 10:53:08.500,IO2508-C-4450,1.8,1.6,1.8
2025-08-01,2025-08-01 10:53:36.500,IO2508-C-4450,1.8,1.6,1.8
2025-08-01,2025-08-01 10:53:37.000,IO2508-C-4450,1.8,1.6,1.8
2025-08-01,2025-08-01 10:53:42.500,IO2508-C-4450,1.8,1.6,1.8
2025-08-01,2025-08-01 10:53:43.500,IO2508-C-4450,1.8,1.6,1.8
2025-08-01,2025-08-01 10:53:45.000,IO2508-C-4450,1.8,1.6,1.8
2025-08-01,2025-08-01 10:53:46.000,IO2508-C-4450,1.8,1.6,1.8
2025-08-01,2025-08-01 10:53:46.500,IO2508-C-4450,1.8,1.6,1.8
2025-08-01,2025-08-01 10:53:47.000,IO2508-C-4450,1.8,1.6,1.8
2025-08-01,2025-08-01 10:53:47.500,IO2508-C-4450,1.8,1.6,1.8
2025-08-01,2025-08-01 10:53:48.000,IO2508-C-4450,1.8,1.6,1.8
2025-08-01,2025-08-01 10:53:54.000,IO2508-C-4450,1.8,1.6,1.8
2025-08-01,2025-08-01 10:54:02.000,IO2508-C-4450,1.8,1.6,1.8
2025-08-01,2025-08-01 10:54:02.500,IO2508-C-4450,1.8,1.6,1.8
2025-08-01,2025-08-01 10:54:03.000,IO2508-C-4450,1.8,1.6,1.8
2025-08-01,2025-08-01 10:54:03.500,IO2508-C-4450,1.8,1.6,1.8
2025-08-01,2025-08-01 10:54:04.500,IO2508-C-4450,1.8,1.6,1.8
2025-08-01,2025-08-01 10:54:05.000,IO2508-C-4450,1.8,1.6,1.8
2025-08-01,2025-08-01 10:54:06.500,IO2508-C-4450,1.8,1.4,1.8
2025-08-01,2025-08-01 10:54:07.000,IO2508-C-4450,1.8,1.4,1.8
2025-08-01,2025-08-01 10:54:07.500,IO2508-C-4450,1.8,1.4,1.8
2025-08-01,2025-08-01 10:54:08.000,IO2508-C-4450,1.8,1.4,1.8
2025-08-01,2025-08-01 10:54:16.000,IO2508-C-4450,1.8,1.4,1.8
2025-08-01,2025-08-01 10:54:16.500,IO2508-C-4450,1.8,1.4,1.8
2025-08-01,2025-08-01 10:54:22.500,IO2508-C-4450,1.8,1.4,1.8
2025-08-01,2025-08-01 10:54:23.500,IO2508-C-4450,1.8,1.4,1.8
2025-08-01,2025-08-01 10:54:28.500,IO2508-C-4450,1.8,1.4,1.8
2025-08-01,2025-08-01 10:54:29.000,IO2508-C-4450,1.8,1.4,1.8
2025-08-01,2025-08-01 10:54:30.500,IO2508-C-4450,1.8,1.4,1.8
2025-08-01,2025-08-01 10:54:32.000,IO2508-C-4450,1.8,1.4,1.8
2025-08-01,2025-08-01 10:54:32.500,IO2508-C-4450,1.8,1.4,1.8
2025-08-01,2025-08-01 10:54:33.000,IO2508-C-4450,1.8,1.4,1.8
2025-08-01,2025-08-01 10:54:33.500,IO2508-C-4450,1.8,1.4,1.8
2025-08-01,2025-08-01 10:54:34.000,IO2508-C-4450,1.8,1.4,1.8
2025-08-01,2025-08-01 10:54:34.500,IO2508-C-4450,1.8,1.4,1.8
2025-08-01,2025-08-01 10:54:35.000,IO2508-C-4450,1.8,1.4,1.8
2025-08-01,2025-08-01 10:54:35.500,IO2508-C-4450,1.8,1.4,1.8
2025-08-01,2025-08-01 10:54:36.000,IO2508-C-4450,1.8,1.4,1.8
2025-08-01,2025-08-01 10:54:36.500,IO2508-C-4450,1.8,1.4,1.8
2025-08-01,2025-08-01 10:54:37.000,IO2508-C-4450,1.8,1.4,1.8
2025-08-01,2025-08-01 10:54:37.500,IO2508-C-4450,1.8,1.4,1.8
2025-08-01,2025-08-01 10:54:38.000,IO2508-C-4450,1.8,1.4,1.6
2025-08-01,2025-08-01 10:54:38.500,IO2508-C-4450,1.8,1.4,1.6
2025-08-01,2025-08-01 10:54:42.000,IO2508-C-4450,1.6,1.4,1.6
2025-08-01,2025-08-01 10:54:42.500,IO2508-C-4450,1.6,1.4,1.8
2025-08-01,2025-08-01 10:54:43.000,IO2508-C-4450,1.6,1.4,1.8
2025-08-01,2025-08-01 10:54:43.500,IO2508-C-4450,1.6,1.4,1.8
2025-08-01,2025-08-01 10:54:44.000,IO2508-C-4450,1.6,1.4,1.8
2025-08-01,2025-08-01 10:54:44.500,IO2508-C-4450,1.6,1.4,1.8
2025-08-01,2025-08-01 10:54:49.500,IO2508-C-4450,1.6,1.4,1.8
2025-08-01,2025-08-01 10:54:51.000,IO2508-C-4450,1.6,1.4,1.8
2025-08-01,2025-08-01 10:54:51.500,IO2508-C-4450,1.6,1.4,1.8
2025-08-01,2025-08-01 10:54:52.500,IO2508-C-4450,1.6,1.4,1.8
2025-08-01,2025-08-01 10:54:54.000,IO2508-C-4450,1.6,1.4,1.8
2025-08-01,2025-08-01 10:54:54.500,IO2508-C-4450,1.6,1.4,1.8
2025-08-01,2025-08-01 10:54:55.000,IO2508-C-4450,1.6,1.4,1.8
2025-08-01,2025-08-01 10:54:55.500,IO2508-C-4450,1.6,1.4,1.8
2025-08-01,2025-08-01 10:54:56.000,IO2508-C-4450,1.6,1.4,1.8
2025-08-01,2025-08-01 10:55:01.000,IO2508-C-4450,1.6,1.4,1.8
2025-08-01,2025-08-01 10:55:01.500,IO2508-C-4450,1.6,1.4,1.8
2025-08-01,2025-08-01 10:55:05.500,IO2508-C-4450,1.6,1.4,1.8
2025-08-01,2025-08-01 10:55:06.500,IO2508-C-4450,1.6,1.4,1.8
2025-08-01,2025-08-01 10:55:08.500,IO2508-C-4450,1.6,1.4,1.8
2025-08-01,2025-08-01 10:55:09.000,IO2508-C-4450,1.6,1.4,1.8
2025-08-01,2025-08-01 10:55:11.000,IO2508-C-4450,1.6,1.4,1.8
2025-08-01,2025-08-01 10:55:11.500,IO2508-C-4450,1.6,1.4,1.8
2025-08-01,2025-08-01 10:55:12.000,IO2508-C-4450,1.6,1.4,1.8
2025-08-01,2025-08-01 10:55:13.000,IO2508-C-4450,1.6,1.4,1.8
2025-08-01,2025-08-01 10:55:13.500,IO2508-C-4450,1.6,1.4,1.8
2025-08-01,2025-08-01 10:55:15.000,IO2508-C-4450,1.6,1.4,1.8
2025-08-01,2025-08-01 10:55:15.500,IO2508-C-4450,1.6,1.4,1.8
2025-08-01,2025-08-01 10:55:16.000,IO2508-C-4450,1.6,1.4,1.8
2025-08-01,2025-08-01 10:55:17.000,IO2508-C-4450,1.6,1.4,1.8
2025-08-01,2025-08-01 10:55:17.500,IO2508-C-4450,1.6,1.4,1.8
2025-08-01,2025-08-01 10:55:18.500,IO2508-C-4450,1.6,1.4,1.8
2025-08-01,2025-08-01 10:55:23.000,IO2508-C-4450,1.6,1.4,1.8
2025-08-01,2025-08-01 10:55:23.500,IO2508-C-4450,1.6,1.4,1.8
2025-08-01,2025-08-01 10:55:24.500,IO2508-C-4450,1.6,1.4,1.8
2025-08-01,2025-08-01 10:55:25.000,IO2508-C-4450,1.6,1.4,1.8
2025-08-01,2025-08-01 10:55:25.500,IO2508-C-4450,1.6,1.4,1.8
2025-08-01,2025-08-01 10:55:26.000,IO2508-C-4450,1.6,1.4,1.8
2025-08-01,2025-08-01 10:55:27.500,IO2508-C-4450,1.6,1.4,1.8
2025-08-01,2025-08-01 10:55:28.000,IO2508-C-4450,1.6,1.4,1.8
2025-08-01,2025-08-01 10:55:29.000,IO2508-C-4450,1.6,1.4,1.8
2025-08-01,2025-08-01 10:55:32.500,IO2508-C-4450,1.6,1.4,1.8
2025-08-01,2025-08-01 10:55:33.000,IO2508-C-4450,1.6,1.4,1.8
2025-08-01,2025-08-01 10:55:33.500,IO2508-C-4450,1.6,1.4,1.8
2025-08-01,2025-08-01 10:55:34.000,IO2508-C-4450,1.6,1.4,1.8
2025-08-01,2025-08-01 10:55:35.500,IO2508-C-4450,1.6,1.4,1.8
2025-08-01,2025-08-01 10:55:36.000,IO2508-C-4450,1.6,1.4,1.8
2025-08-01,2025-08-01 10:55:38.000,IO2508-C-4450,1.6,1.4,1.8
2025-08-01,2025-08-01 10:55:39.500,IO2508-C-4450,1.6,1.4,1.8
2025-08-01,2025-08-01 10:55:40.000,IO2508-C-4450,1.6,1.4,1.8
2025-08-01,2025-08-01 10:55:40.500,IO2508-C-4450,1.6,1.4,1.8
2025-08-01,2025-08-01 10:55:41.000,IO2508-C-4450,1.6,1.4,1.8
2025-08-01,2025-08-01 10:55:42.500,IO2508-C-4450,1.6,1.4,1.8
2025-08-01,2025-08-01 10:55:43.000,IO2508-C-4450,1.6,1.4,1.8
2025-08-01,2025-08-01 10:55:44.500,IO2508-C-4450,1.6,1.4,1.8
2025-08-01,2025-08-01 10:55:45.000,IO2508-C-4450,1.6,1.4,1.8
2025-08-01,2025-08-01 10:55:52.000,IO2508-C-4450,1.6,1.4,1.8
2025-08-01,2025-08-01 10:55:53.500,IO2508-C-4450,1.6,1.4,1.8
2025-08-01,2025-08-01 10:55:58.000,IO2508-C-4450,1.6,1.4,1.8
2025-08-01,2025-08-01 10:55:58.500,IO2508-C-4450,1.6,1.4,1.8
2025-08-01,2025-08-01 10:56:00.000,IO2508-C-4450,1.6,1.6,1.8
2025-08-01,2025-08-01 10:56:00.500,IO2508-C-4450,1.6,1.6,1.8
2025-08-01,2025-08-01 10:56:01.000,IO2508-C-4450,1.6,1.6,1.8
2025-08-01,2025-08-01 10:56:02.000,IO2508-C-4450,1.6,1.6,1.8
2025-08-01,2025-08-01 10:56:06.500,IO2508-C-4450,1.6,1.6,1.8
2025-08-01,2025-08-01 10:56:07.000,IO2508-C-4450,1.6,1.6,1.8
2025-08-01,2025-08-01 10:56:34.000,IO2508-C-4450,1.6,1.6,1.8
2025-08-01,2025-08-01 10:56:36.500,IO2508-C-4450,1.6,1.6,1.8
2025-08-01,2025-08-01 10:56:37.000,IO2508-C-4450,1.6,1.6,1.8
2025-08-01,2025-08-01 10:57:06.500,IO2508-C-4450,1.6,1.6,1.8
2025-08-01,2025-08-01 10:57:07.000,IO2508-C-4450,1.6,1.4,1.8
2025-08-01,2025-08-01 10:57:07.500,IO2508-C-4450,1.6,1.6,1.8
2025-08-01,2025-08-01 10:57:08.000,IO2508-C-4450,1.6,1.6,1.8
2025-08-01,2025-08-01 10:57:08.500,IO2508-C-4450,1.6,1.6,1.8
2025-08-01,2025-08-01 10:57:10.000,IO2508-C-4450,1.6,1.4,1.8
2025-08-01,2025-08-01 10:57:10.500,IO2508-C-4450,1.6,1.4,1.8
2025-08-01,2025-08-01 10:57:11.000,IO2508-C-4450,1.6,1.4,1.8
2025-08-01,2025-08-01 10:57:12.000,IO2508-C-4450,1.6,1.4,1.8
2025-08-01,2025-08-01 10:57:16.000,IO2508-C-4450,1.6,1.4,1.8
2025-08-01,2025-08-01 10:57:17.000,IO2508-C-4450,1.6,1.4,1.8
2025-08-01,2025-08-01 10:57:18.500,IO2508-C-4450,1.6,1.4,1.6
2025-08-01,2025-08-01 10:57:19.000,IO2508-C-4450,1.6,1.4,1.6
2025-08-01,2025-08-01 10:57:21.000,IO2508-C-4450,1.6,1.4,1.6
2025-08-01,2025-08-01 10:57:21.500,IO2508-C-4450,1.6,1.4,1.6
2025-08-01,2025-08-01 10:57:25.500,IO2508-C-4450,1.6,1.4,1.6
2025-08-01,2025-08-01 10:57:26.000,IO2508-C-4450,1.6,1.4,1.6
2025-08-01,2025-08-01 10:57:28.500,IO2508-C-4450,1.6,1.4,1.6
2025-08-01,2025-08-01 10:57:31.000,IO2508-C-4450,1.6,1.4,1.6
2025-08-01,2025-08-01 10:57:36.500,IO2508-C-4450,1.6,1.4,1.6
2025-08-01,2025-08-01 10:57:37.000,IO2508-C-4450,1.6,1.4,1.6
2025-08-01,2025-08-01 10:57:42.000,IO2508-C-4450,1.6,1.4,1.6
2025-08-01,2025-08-01 10:57:42.500,IO2508-C-4450,1.6,1.4,1.6
2025-08-01,2025-08-01 10:57:58.000,IO2508-C-4450,1.6,1.4,1.6
2025-08-01,2025-08-01 10:57:58.500,IO2508-C-4450,1.6,1.4,1.6
2025-08-01,2025-08-01 10:58:04.000,IO2508-C-4450,1.6,1.4,1.6
2025-08-01,2025-08-01 10:58:04.500,IO2508-C-4450,1.6,1.4,1.6
2025-08-01,2025-08-01 10:58:06.500,IO2508-C-4450,1.6,1.4,1.6
2025-08-01,2025-08-01 10:58:07.000,IO2508-C-4450,1.6,1.4,1.6
2025-08-01,2025-08-01 10:58:07.500,IO2508-C-4450,1.6,1.4,1.6
2025-08-01,2025-08-01 10:58:36.500,IO2508-C-4450,1.6,1.4,1.6
2025-08-01,2025-08-01 10:58:37.000,IO2508-C-4450,1.6,1.4,1.6
2025-08-01,2025-08-01 10:58:37.500,IO2508-C-4450,1.6,1.4,1.6
2025-08-01,2025-08-01 10:58:40.000,IO2508-C-4450,1.4,1.4,1.6
2025-08-01,2025-08-01 10:58:40.500,IO2508-C-4450,1.4,1.4,1.6
2025-08-01,2025-08-01 10:58:43.000,IO2508-C-4450,1.4,1.4,1.6
2025-08-01,2025-08-01 10:59:01.500,IO2508-C-4450,1.4,1.4,1.6
2025-08-01,2025-08-01 10:59:06.500,IO2508-C-4450,1.4,1.4,1.6
2025-08-01,2025-08-01 10:59:07.000,IO2508-C-4450,1.4,1.4,1.6
2025-08-01,2025-08-01 10:59:07.500,IO2508-C-4450,1.4,1.4,1.6
2025-08-01,2025-08-01 10:59:14.500,IO2508-C-4450,1.4,1.4,1.6
2025-08-01,2025-08-01 10:59:24.500,IO2508-C-4450,1.4,1.4,1.6
2025-08-01,2025-08-01 10:59:33.000,IO2508-C-4450,1.4,1.4,1.6
2025-08-01,2025-08-01 10:59:33.500,IO2508-C-4450,1.4,1.4,1.6
2025-08-01,2025-08-01 10:59:34.000,IO2508-C-4450,1.4,1.4,1.6
2025-08-01,2025-08-01 10:59:34.500,IO2508-C-4450,1.4,1.4,1.6
2025-08-01,2025-08-01 10:59:37.000,IO2508-C-4450,1.4,1.4,1.6
2025-08-01,2025-08-01 10:59:39.500,IO2508-C-4450,1.4,1.4,1.6
2025-08-01,2025-08-01 11:00:00.000,IO2508-C-4450,1.4,1.4,1.6
2025-08-01,2025-08-01 11:00:00.500,IO2508-C-4450,1.4,1.4,1.6
2025-08-01,2025-08-01 11:00:03.500,IO2508-C-4450,1.4,1.4,1.6
2025-08-01,2025-08-01 11:00:04.500,IO2508-C-4450,1.4,1.4,1.6
2025-08-01,2025-08-01 11:00:06.500,IO2508-C-4450,1.4,1.4,1.6
2025-08-01,2025-08-01 11:00:07.000,IO2508-C-4450,1.4,1.4,1.6
2025-08-01,2025-08-01 11:00:26.500,IO2508-C-4450,1.4,1.4,1.6
2025-08-01,2025-08-01 11:00:36.500,IO2508-C-4450,1.4,1.4,1.6
2025-08-01,2025-08-01 11:00:37.000,IO2508-C-4450,1.4,1.4,1.6
2025-08-01,2025-08-01 11:00:39.000,IO2508-C-4450,1.4,1.4,1.6
2025-08-01,2025-08-01 11:00:39.500,IO2508-C-4450,1.4,1.4,1.6
2025-08-01,2025-08-01 11:00:42.500,IO2508-C-4450,1.4,1.2,1.6
2025-08-01,2025-08-01 11:00:43.000,IO2508-C-4450,1.4,1.2,1.6
2025-08-01,2025-08-01 11:00:43.500,IO2508-C-4450,1.4,1.2,1.6
2025-08-01,2025-08-01 11:00:44.000,IO2508-C-4450,1.4,1.2,1.6
2025-08-01,2025-08-01 11:01:01.000,IO2508-C-4450,1.4,1.2,1.6
2025-08-01,2025-08-01 11:01:05.000,IO2508-C-4450,1.4,1.2,1.6
2025-08-01,2025-08-01 11:01:05.500,IO2508-C-4450,1.4,1.2,1.6
2025-08-01,2025-08-01 11:01:06.500,IO2508-C-4450,1.4,1.2,1.6
2025-08-01,2025-08-01 11:01:07.000,IO2508-C-4450,1.4,1.2,1.6
2025-08-01,2025-08-01 11:01:07.500,IO2508-C-4450,1.4,1.2,1.6
2025-08-01,2025-08-01 11:01:09.000,IO2508-C-4450,1.4,1.2,1.6
2025-08-01,2025-08-01 11:01:09.500,IO2508-C-4450,1.4,1.2,1.6
2025-08-01,2025-08-01 11:01:10.000,IO2508-C-4450,1.4,1.2,1.6
2025-08-01,2025-08-01 11:01:10.500,IO2508-C-4450,1.4,1.2,1.6
2025-08-01,2025-08-01 11:01:11.000,IO2508-C-4450,1.4,1.2,1.6
2025-08-01,2025-08-01 11:01:11.500,IO2508-C-4450,1.4,1.2,1.6
2025-08-01,2025-08-01 11:01:12.000,IO2508-C-4450,1.4,1.2,1.6
2025-08-01,2025-08-01 11:01:12.500,IO2508-C-4450,1.4,1.2,1.6
2025-08-01,2025-08-01 11:01:13.000,IO2508-C-4450,1.4,1.2,1.6
2025-08-01,2025-08-01 11:01:13.500,IO2508-C-4450,1.4,1.2,1.6
2025-08-01,2025-08-01 11:01:14.000,IO2508-C-4450,1.4,1.2,1.6
2025-08-01,2025-08-01 11:01:14.500,IO2508-C-4450,1.4,1.2,1.6
2025-08-01,2025-08-01 11:01:15.000,IO2508-C-4450,1.4,1.2,1.6
2025-08-01,2025-08-01 11:01:15.500,IO2508-C-4450,1.4,1.2,1.6
2025-08-01,2025-08-01 11:01:16.000,IO2508-C-4450,1.4,1.2,1.6
2025-08-01,2025-08-01 11:01:16.500,IO2508-C-4450,1.4,1.2,1.6
2025-08-01,2025-08-01 11:01:17.000,IO2508-C-4450,1.4,1.2,1.6
