tradingdate,tradingtime,symbol,lastprice,buyprice01,sellprice01
2025-08-01,2025-08-01 09:29:00.000,IO2508-P-3550,1.6,0.2,2.0
2025-08-01,2025-08-01 09:30:00.500,IO2508-P-3550,1.6,1.0,2.0
2025-08-01,2025-08-01 09:30:01.000,IO2508-P-3550,1.6,1.2,2.0
2025-08-01,2025-08-01 09:30:02.000,IO2508-P-3550,1.6,1.2,2.0
2025-08-01,2025-08-01 09:30:02.500,IO2508-P-3550,1.6,0.4,2.0
2025-08-01,2025-08-01 09:30:03.000,IO2508-P-3550,1.6,0.4,2.0
2025-08-01,2025-08-01 09:30:09.000,IO2508-P-3550,1.6,0.6,1.8
2025-08-01,2025-08-01 09:30:09.500,IO2508-P-3550,1.6,0.8,1.8
2025-08-01,2025-08-01 09:30:10.000,IO2508-P-3550,1.6,1.0,1.8
2025-08-01,2025-08-01 09:30:10.500,IO2508-P-3550,1.6,1.2,1.8
2025-08-01,2025-08-01 09:30:11.000,IO2508-P-3550,1.6,1.2,1.8
2025-08-01,2025-08-01 09:30:11.500,IO2508-P-3550,1.6,1.2,1.8
2025-08-01,2025-08-01 09:30:12.000,IO2508-P-3550,1.6,1.2,1.8
2025-08-01,2025-08-01 09:30:12.500,IO2508-P-3550,1.6,1.2,1.8
2025-08-01,2025-08-01 09:30:13.000,IO2508-P-3550,1.6,1.2,1.8
2025-08-01,2025-08-01 09:30:13.500,IO2508-P-3550,1.6,1.2,1.8
2025-08-01,2025-08-01 09:30:14.500,IO2508-P-3550,1.6,1.2,1.8
2025-08-01,2025-08-01 09:30:16.000,IO2508-P-3550,1.6,1.2,1.8
2025-08-01,2025-08-01 09:30:16.500,IO2508-P-3550,1.6,1.2,1.8
2025-08-01,2025-08-01 09:30:17.500,IO2508-P-3550,1.6,1.4,1.8
2025-08-01,2025-08-01 09:30:18.000,IO2508-P-3550,1.6,1.4,1.8
2025-08-01,2025-08-01 09:30:18.500,IO2508-P-3550,1.6,1.4,1.8
2025-08-01,2025-08-01 09:30:19.000,IO2508-P-3550,1.6,1.4,2.0
2025-08-01,2025-08-01 09:30:21.000,IO2508-P-3550,1.6,1.4,2.0
2025-08-01,2025-08-01 09:30:23.000,IO2508-P-3550,1.6,1.4,2.0
2025-08-01,2025-08-01 09:30:23.500,IO2508-P-3550,1.6,1.4,2.0
2025-08-01,2025-08-01 09:30:24.000,IO2508-P-3550,1.6,1.4,2.0
2025-08-01,2025-08-01 09:30:27.000,IO2508-P-3550,1.6,1.4,1.8
2025-08-01,2025-08-01 09:30:27.500,IO2508-P-3550,1.6,1.6,1.8
2025-08-01,2025-08-01 09:30:28.000,IO2508-P-3550,1.6,1.6,1.8
2025-08-01,2025-08-01 09:30:28.500,IO2508-P-3550,1.6,1.6,1.8
2025-08-01,2025-08-01 09:30:29.000,IO2508-P-3550,1.6,1.6,1.8
2025-08-01,2025-08-01 09:30:32.000,IO2508-P-3550,1.6,1.6,1.8
2025-08-01,2025-08-01 09:30:34.500,IO2508-P-3550,1.6,1.6,1.8
2025-08-01,2025-08-01 09:30:35.000,IO2508-P-3550,1.6,1.6,1.8
2025-08-01,2025-08-01 09:30:36.500,IO2508-P-3550,1.6,1.6,1.8
2025-08-01,2025-08-01 09:30:38.500,IO2508-P-3550,1.6,1.6,1.8
2025-08-01,2025-08-01 09:30:39.000,IO2508-P-3550,1.6,1.6,1.8
2025-08-01,2025-08-01 09:30:39.500,IO2508-P-3550,1.6,1.6,1.8
2025-08-01,2025-08-01 09:30:40.000,IO2508-P-3550,1.6,1.6,1.8
2025-08-01,2025-08-01 09:30:41.500,IO2508-P-3550,1.6,1.6,1.8
2025-08-01,2025-08-01 09:30:42.000,IO2508-P-3550,1.6,1.4,1.8
2025-08-01,2025-08-01 09:30:42.500,IO2508-P-3550,1.6,1.4,1.8
2025-08-01,2025-08-01 09:30:43.000,IO2508-P-3550,1.6,1.4,1.8
2025-08-01,2025-08-01 09:30:44.000,IO2508-P-3550,1.6,1.4,1.8
2025-08-01,2025-08-01 09:30:44.500,IO2508-P-3550,1.6,1.4,1.8
2025-08-01,2025-08-01 09:30:46.500,IO2508-P-3550,1.6,1.4,1.8
2025-08-01,2025-08-01 09:30:47.000,IO2508-P-3550,1.6,1.4,1.8
2025-08-01,2025-08-01 09:30:54.500,IO2508-P-3550,1.6,1.4,1.8
2025-08-01,2025-08-01 09:31:01.000,IO2508-P-3550,1.6,1.4,1.8
2025-08-01,2025-08-01 09:31:03.000,IO2508-P-3550,1.6,1.4,1.8
2025-08-01,2025-08-01 09:31:08.000,IO2508-P-3550,1.6,1.4,1.8
2025-08-01,2025-08-01 09:31:12.500,IO2508-P-3550,1.6,1.4,1.8
2025-08-01,2025-08-01 09:31:13.000,IO2508-P-3550,1.6,1.4,1.8
2025-08-01,2025-08-01 09:31:13.500,IO2508-P-3550,1.6,1.4,1.8
2025-08-01,2025-08-01 09:31:14.000,IO2508-P-3550,1.6,1.4,1.8
2025-08-01,2025-08-01 09:31:14.500,IO2508-P-3550,1.6,1.4,1.8
2025-08-01,2025-08-01 09:31:15.000,IO2508-P-3550,1.6,1.4,1.8
2025-08-01,2025-08-01 09:31:15.500,IO2508-P-3550,1.6,1.4,1.8
2025-08-01,2025-08-01 09:31:16.000,IO2508-P-3550,1.6,1.4,1.8
2025-08-01,2025-08-01 09:31:16.500,IO2508-P-3550,1.6,1.4,1.8
2025-08-01,2025-08-01 09:31:17.000,IO2508-P-3550,1.6,1.4,1.8
2025-08-01,2025-08-01 09:31:17.500,IO2508-P-3550,1.6,1.4,1.8
2025-08-01,2025-08-01 09:31:18.000,IO2508-P-3550,1.6,1.4,1.8
2025-08-01,2025-08-01 09:31:18.500,IO2508-P-3550,1.6,1.4,1.8
2025-08-01,2025-08-01 09:31:19.000,IO2508-P-3550,1.6,1.4,1.8
2025-08-01,2025-08-01 09:31:19.500,IO2508-P-3550,1.6,1.4,1.8
2025-08-01,2025-08-01 09:31:20.000,IO2508-P-3550,1.6,1.4,1.8
2025-08-01,2025-08-01 09:31:20.500,IO2508-P-3550,1.6,1.4,1.8
2025-08-01,2025-08-01 09:31:21.000,IO2508-P-3550,1.6,1.4,1.8
2025-08-01,2025-08-01 09:31:21.500,IO2508-P-3550,1.6,1.4,1.8
2025-08-01,2025-08-01 09:31:22.000,IO2508-P-3550,1.6,1.4,1.8
2025-08-01,2025-08-01 09:31:22.500,IO2508-P-3550,1.6,1.4,1.8
2025-08-01,2025-08-01 09:31:23.000,IO2508-P-3550,1.6,1.4,1.8
2025-08-01,2025-08-01 09:31:23.500,IO2508-P-3550,1.6,1.4,1.8
2025-08-01,2025-08-01 09:31:24.000,IO2508-P-3550,1.6,1.4,1.8
2025-08-01,2025-08-01 09:31:24.500,IO2508-P-3550,1.6,1.4,1.8
2025-08-01,2025-08-01 09:31:25.000,IO2508-P-3550,1.6,1.4,1.8
2025-08-01,2025-08-01 09:31:25.500,IO2508-P-3550,1.6,1.4,1.8
2025-08-01,2025-08-01 09:31:30.000,IO2508-P-3550,1.6,1.4,1.8
2025-08-01,2025-08-01 09:31:31.500,IO2508-P-3550,1.6,1.4,1.8
2025-08-01,2025-08-01 09:31:32.000,IO2508-P-3550,1.6,1.4,1.8
2025-08-01,2025-08-01 09:31:36.000,IO2508-P-3550,1.6,1.4,1.6
2025-08-01,2025-08-01 09:31:36.500,IO2508-P-3550,1.6,1.4,1.6
2025-08-01,2025-08-01 09:31:37.000,IO2508-P-3550,1.6,1.4,1.6
2025-08-01,2025-08-01 09:31:45.500,IO2508-P-3550,1.6,1.4,1.6
2025-08-01,2025-08-01 09:31:46.500,IO2508-P-3550,1.6,1.4,1.6
2025-08-01,2025-08-01 09:32:03.500,IO2508-P-3550,1.6,1.4,1.8
2025-08-01,2025-08-01 09:32:04.000,IO2508-P-3550,1.6,1.4,1.8
2025-08-01,2025-08-01 09:32:06.500,IO2508-P-3550,1.6,1.4,1.8
2025-08-01,2025-08-01 09:32:07.000,IO2508-P-3550,1.6,1.4,1.8
2025-08-01,2025-08-01 09:32:08.500,IO2508-P-3550,1.4,1.4,1.6
2025-08-01,2025-08-01 09:32:09.000,IO2508-P-3550,1.4,1.4,1.6
2025-08-01,2025-08-01 09:32:25.000,IO2508-P-3550,1.4,1.4,1.6
2025-08-01,2025-08-01 09:32:26.000,IO2508-P-3550,1.4,1.4,1.6
2025-08-01,2025-08-01 09:32:36.500,IO2508-P-3550,1.4,1.4,1.6
2025-08-01,2025-08-01 09:32:37.000,IO2508-P-3550,1.4,1.4,1.6
2025-08-01,2025-08-01 09:32:37.500,IO2508-P-3550,1.4,1.4,1.6
2025-08-01,2025-08-01 09:32:38.000,IO2508-P-3550,1.4,1.4,1.6
2025-08-01,2025-08-01 09:32:51.000,IO2508-P-3550,1.4,1.4,1.6
2025-08-01,2025-08-01 09:33:06.500,IO2508-P-3550,1.4,1.4,1.6
2025-08-01,2025-08-01 09:33:07.000,IO2508-P-3550,1.4,1.4,1.6
2025-08-01,2025-08-01 09:33:36.500,IO2508-P-3550,1.4,1.4,1.6
2025-08-01,2025-08-01 09:33:37.000,IO2508-P-3550,1.4,1.4,1.6
2025-08-01,2025-08-01 09:34:06.500,IO2508-P-3550,1.4,1.4,1.6
2025-08-01,2025-08-01 09:34:07.000,IO2508-P-3550,1.4,1.4,1.6
2025-08-01,2025-08-01 09:34:16.500,IO2508-P-3550,1.4,1.4,1.6
2025-08-01,2025-08-01 09:34:17.000,IO2508-P-3550,1.4,1.4,1.6
2025-08-01,2025-08-01 09:34:36.500,IO2508-P-3550,1.4,1.4,1.6
2025-08-01,2025-08-01 09:34:37.000,IO2508-P-3550,1.4,1.4,1.6
2025-08-01,2025-08-01 09:34:54.500,IO2508-P-3550,1.4,1.4,1.6
2025-08-01,2025-08-01 09:35:06.500,IO2508-P-3550,1.4,1.4,1.6
2025-08-01,2025-08-01 09:35:07.000,IO2508-P-3550,1.4,1.4,1.6
2025-08-01,2025-08-01 09:35:36.500,IO2508-P-3550,1.4,1.4,1.6
2025-08-01,2025-08-01 09:35:37.000,IO2508-P-3550,1.4,1.4,1.6
2025-08-01,2025-08-01 09:35:54.500,IO2508-P-3550,1.4,1.4,1.6
2025-08-01,2025-08-01 09:35:55.000,IO2508-P-3550,1.4,1.4,1.6
2025-08-01,2025-08-01 09:35:56.500,IO2508-P-3550,1.4,1.4,1.6
2025-08-01,2025-08-01 09:35:57.000,IO2508-P-3550,1.4,1.4,1.6
2025-08-01,2025-08-01 09:36:06.500,IO2508-P-3550,1.4,1.4,1.6
2025-08-01,2025-08-01 09:36:07.000,IO2508-P-3550,1.4,1.4,1.6
2025-08-01,2025-08-01 09:36:36.500,IO2508-P-3550,1.4,1.4,1.6
2025-08-01,2025-08-01 09:36:37.000,IO2508-P-3550,1.4,1.4,1.6
2025-08-01,2025-08-01 09:36:49.500,IO2508-P-3550,1.4,1.4,1.6
2025-08-01,2025-08-01 09:36:53.500,IO2508-P-3550,1.4,1.4,1.6
2025-08-01,2025-08-01 09:37:06.500,IO2508-P-3550,1.4,1.4,1.6
2025-08-01,2025-08-01 09:37:07.000,IO2508-P-3550,1.4,1.4,1.6
2025-08-01,2025-08-01 09:37:36.500,IO2508-P-3550,1.4,1.4,1.6
2025-08-01,2025-08-01 09:37:37.000,IO2508-P-3550,1.4,1.4,1.6
2025-08-01,2025-08-01 09:37:58.000,IO2508-P-3550,1.4,1.4,1.6
2025-08-01,2025-08-01 09:38:00.000,IO2508-P-3550,1.4,1.4,1.6
2025-08-01,2025-08-01 09:38:06.500,IO2508-P-3550,1.4,1.4,1.6
2025-08-01,2025-08-01 09:38:07.000,IO2508-P-3550,1.4,1.4,1.6
2025-08-01,2025-08-01 09:38:12.000,IO2508-P-3550,1.4,1.4,1.6
2025-08-01,2025-08-01 09:38:34.500,IO2508-P-3550,1.4,1.4,1.6
2025-08-01,2025-08-01 09:38:36.500,IO2508-P-3550,1.4,1.4,1.6
2025-08-01,2025-08-01 09:38:37.000,IO2508-P-3550,1.4,1.4,1.6
2025-08-01,2025-08-01 09:38:41.500,IO2508-P-3550,1.4,1.4,1.6
2025-08-01,2025-08-01 09:39:06.500,IO2508-P-3550,1.4,1.4,1.6
2025-08-01,2025-08-01 09:39:07.000,IO2508-P-3550,1.4,1.4,1.6
2025-08-01,2025-08-01 09:39:10.000,IO2508-P-3550,1.4,1.4,1.6
2025-08-01,2025-08-01 09:39:36.500,IO2508-P-3550,1.4,1.4,1.6
2025-08-01,2025-08-01 09:39:37.000,IO2508-P-3550,1.4,1.4,1.6
2025-08-01,2025-08-01 09:39:49.500,IO2508-P-3550,1.4,1.4,1.6
2025-08-01,2025-08-01 09:40:06.500,IO2508-P-3550,1.4,1.4,1.6
2025-08-01,2025-08-01 09:40:07.000,IO2508-P-3550,1.4,1.4,1.6
2025-08-01,2025-08-01 09:40:24.500,IO2508-P-3550,1.4,1.4,1.6
2025-08-01,2025-08-01 09:40:25.000,IO2508-P-3550,1.4,1.4,1.6
2025-08-01,2025-08-01 09:40:26.000,IO2508-P-3550,1.4,1.4,1.6
2025-08-01,2025-08-01 09:40:36.500,IO2508-P-3550,1.4,1.4,1.6
2025-08-01,2025-08-01 09:40:37.000,IO2508-P-3550,1.4,1.4,1.6
2025-08-01,2025-08-01 09:40:41.000,IO2508-P-3550,1.4,1.4,1.6
2025-08-01,2025-08-01 09:40:41.500,IO2508-P-3550,1.4,1.4,1.6
2025-08-01,2025-08-01 09:40:57.000,IO2508-P-3550,1.6,1.6,1.8
2025-08-01,2025-08-01 09:40:57.500,IO2508-P-3550,1.6,1.6,1.8
2025-08-01,2025-08-01 09:40:59.000,IO2508-P-3550,1.6,1.6,1.8
2025-08-01,2025-08-01 09:41:06.500,IO2508-P-3550,1.6,1.6,1.8
2025-08-01,2025-08-01 09:41:07.000,IO2508-P-3550,1.6,1.6,1.8
2025-08-01,2025-08-01 09:41:07.500,IO2508-P-3550,1.6,1.6,1.8
2025-08-01,2025-08-01 09:41:11.500,IO2508-P-3550,1.6,1.6,1.8
2025-08-01,2025-08-01 09:41:12.000,IO2508-P-3550,1.6,1.6,1.8
2025-08-01,2025-08-01 09:41:14.000,IO2508-P-3550,1.6,1.6,1.8
2025-08-01,2025-08-01 09:41:36.500,IO2508-P-3550,1.6,1.6,1.8
2025-08-01,2025-08-01 09:41:37.000,IO2508-P-3550,1.6,1.6,1.8
2025-08-01,2025-08-01 09:41:44.500,IO2508-P-3550,1.6,1.6,1.8
2025-08-01,2025-08-01 09:41:45.500,IO2508-P-3550,1.6,1.6,1.8
2025-08-01,2025-08-01 09:41:47.500,IO2508-P-3550,1.6,1.6,1.8
2025-08-01,2025-08-01 09:41:49.000,IO2508-P-3550,1.6,1.6,1.8
2025-08-01,2025-08-01 09:41:49.500,IO2508-P-3550,1.6,1.6,1.8
2025-08-01,2025-08-01 09:42:06.500,IO2508-P-3550,1.6,1.6,1.8
2025-08-01,2025-08-01 09:42:07.000,IO2508-P-3550,1.6,1.6,1.8
2025-08-01,2025-08-01 09:42:09.500,IO2508-P-3550,1.6,1.6,1.8
2025-08-01,2025-08-01 09:42:14.000,IO2508-P-3550,1.6,1.6,1.8
2025-08-01,2025-08-01 09:42:14.500,IO2508-P-3550,1.6,1.6,1.8
2025-08-01,2025-08-01 09:42:36.500,IO2508-P-3550,1.6,1.6,1.8
2025-08-01,2025-08-01 09:42:37.000,IO2508-P-3550,1.6,1.6,1.8
2025-08-01,2025-08-01 09:42:55.000,IO2508-P-3550,1.6,1.6,1.8
2025-08-01,2025-08-01 09:43:06.500,IO2508-P-3550,1.6,1.6,1.8
2025-08-01,2025-08-01 09:43:07.000,IO2508-P-3550,1.6,1.6,1.8
2025-08-01,2025-08-01 09:43:21.000,IO2508-P-3550,1.6,1.6,1.8
2025-08-01,2025-08-01 09:43:31.000,IO2508-P-3550,1.6,1.6,1.8
2025-08-01,2025-08-01 09:43:32.000,IO2508-P-3550,1.6,1.6,1.8
2025-08-01,2025-08-01 09:43:36.500,IO2508-P-3550,1.6,1.6,1.8
2025-08-01,2025-08-01 09:43:37.000,IO2508-P-3550,1.6,1.6,1.8
2025-08-01,2025-08-01 09:43:47.000,IO2508-P-3550,1.6,1.6,1.8
2025-08-01,2025-08-01 09:44:06.500,IO2508-P-3550,1.6,1.6,1.8
2025-08-01,2025-08-01 09:44:07.000,IO2508-P-3550,1.6,1.6,1.8
2025-08-01,2025-08-01 09:44:36.500,IO2508-P-3550,1.6,1.6,1.8
2025-08-01,2025-08-01 09:44:37.000,IO2508-P-3550,1.6,1.6,1.8
2025-08-01,2025-08-01 09:45:06.500,IO2508-P-3550,1.6,1.6,1.8
2025-08-01,2025-08-01 09:45:07.000,IO2508-P-3550,1.6,1.6,1.8
2025-08-01,2025-08-01 09:45:36.500,IO2508-P-3550,1.6,1.6,1.8
2025-08-01,2025-08-01 09:45:37.000,IO2508-P-3550,1.6,1.6,1.8
2025-08-01,2025-08-01 09:46:06.500,IO2508-P-3550,1.6,1.6,1.8
2025-08-01,2025-08-01 09:46:07.000,IO2508-P-3550,1.6,1.6,1.8
2025-08-01,2025-08-01 09:46:29.500,IO2508-P-3550,1.6,1.6,1.8
2025-08-01,2025-08-01 09:46:36.500,IO2508-P-3550,1.6,1.6,1.8
2025-08-01,2025-08-01 09:46:37.000,IO2508-P-3550,1.6,1.6,1.8
2025-08-01,2025-08-01 09:46:44.500,IO2508-P-3550,1.6,1.6,1.8
2025-08-01,2025-08-01 09:47:00.000,IO2508-P-3550,1.6,1.6,1.8
2025-08-01,2025-08-01 09:47:03.000,IO2508-P-3550,1.6,1.6,1.8
2025-08-01,2025-08-01 09:47:06.500,IO2508-P-3550,1.6,1.6,1.8
2025-08-01,2025-08-01 09:47:07.000,IO2508-P-3550,1.6,1.6,1.8
2025-08-01,2025-08-01 09:47:23.000,IO2508-P-3550,1.6,1.6,1.8
2025-08-01,2025-08-01 09:47:23.500,IO2508-P-3550,1.6,1.6,1.8
2025-08-01,2025-08-01 09:47:36.500,IO2508-P-3550,1.6,1.6,1.8
2025-08-01,2025-08-01 09:47:37.000,IO2508-P-3550,1.6,1.6,1.8
2025-08-01,2025-08-01 09:48:06.500,IO2508-P-3550,1.6,1.6,1.8
2025-08-01,2025-08-01 09:48:07.000,IO2508-P-3550,1.6,1.6,1.8
2025-08-01,2025-08-01 09:48:17.500,IO2508-P-3550,1.6,1.6,1.8
2025-08-01,2025-08-01 09:48:19.000,IO2508-P-3550,1.6,1.6,1.8
2025-08-01,2025-08-01 09:48:20.000,IO2508-P-3550,1.6,1.6,1.8
2025-08-01,2025-08-01 09:48:33.000,IO2508-P-3550,1.6,1.6,1.8
2025-08-01,2025-08-01 09:48:36.500,IO2508-P-3550,1.6,1.6,1.8
2025-08-01,2025-08-01 09:48:37.000,IO2508-P-3550,1.6,1.6,1.8
2025-08-01,2025-08-01 09:48:43.500,IO2508-P-3550,1.6,1.6,1.8
2025-08-01,2025-08-01 09:48:55.000,IO2508-P-3550,1.6,1.6,1.8
2025-08-01,2025-08-01 09:49:14.000,IO2508-P-3550,1.6,1.6,1.8
2025-08-01,2025-08-01 09:49:36.500,IO2508-P-3550,1.6,1.6,1.8
2025-08-01,2025-08-01 09:49:37.000,IO2508-P-3550,1.6,1.6,1.8
2025-08-01,2025-08-01 09:49:56.000,IO2508-P-3550,1.6,1.6,1.8
2025-08-01,2025-08-01 09:50:06.500,IO2508-P-3550,1.6,1.6,1.8
2025-08-01,2025-08-01 09:50:07.000,IO2508-P-3550,1.6,1.6,1.8
2025-08-01,2025-08-01 09:50:16.500,IO2508-P-3550,1.6,1.6,1.8
2025-08-01,2025-08-01 09:50:30.000,IO2508-P-3550,1.6,1.6,1.8
2025-08-01,2025-08-01 09:50:36.000,IO2508-P-3550,1.6,1.6,1.8
2025-08-01,2025-08-01 09:50:36.500,IO2508-P-3550,1.6,1.6,1.8
2025-08-01,2025-08-01 09:50:37.000,IO2508-P-3550,1.6,1.6,1.8
2025-08-01,2025-08-01 09:50:39.000,IO2508-P-3550,1.6,1.6,1.8
2025-08-01,2025-08-01 09:51:06.500,IO2508-P-3550,1.6,1.6,1.8
2025-08-01,2025-08-01 09:51:07.000,IO2508-P-3550,1.6,1.6,1.8
2025-08-01,2025-08-01 09:51:36.500,IO2508-P-3550,1.6,1.6,1.8
2025-08-01,2025-08-01 09:51:37.000,IO2508-P-3550,1.6,1.6,1.8
2025-08-01,2025-08-01 09:52:06.500,IO2508-P-3550,1.6,1.6,1.8
2025-08-01,2025-08-01 09:52:07.000,IO2508-P-3550,1.6,1.6,1.8
2025-08-01,2025-08-01 09:52:36.500,IO2508-P-3550,1.6,1.6,1.8
2025-08-01,2025-08-01 09:52:37.000,IO2508-P-3550,1.6,1.6,1.8
2025-08-01,2025-08-01 09:53:06.500,IO2508-P-3550,1.6,1.6,1.8
2025-08-01,2025-08-01 09:53:07.000,IO2508-P-3550,1.6,1.6,1.8
2025-08-01,2025-08-01 09:53:36.500,IO2508-P-3550,1.6,1.6,1.8
2025-08-01,2025-08-01 09:53:37.000,IO2508-P-3550,1.6,1.6,1.8
2025-08-01,2025-08-01 09:54:06.500,IO2508-P-3550,1.6,1.6,1.8
2025-08-01,2025-08-01 09:54:07.000,IO2508-P-3550,1.6,1.6,1.8
2025-08-01,2025-08-01 09:54:12.000,IO2508-P-3550,1.6,1.6,1.8
2025-08-01,2025-08-01 09:54:12.500,IO2508-P-3550,1.6,1.6,1.8
2025-08-01,2025-08-01 09:54:36.500,IO2508-P-3550,1.6,1.6,1.8
2025-08-01,2025-08-01 09:54:37.000,IO2508-P-3550,1.6,1.6,1.8
2025-08-01,2025-08-01 09:55:06.500,IO2508-P-3550,1.6,1.6,1.8
2025-08-01,2025-08-01 09:55:07.000,IO2508-P-3550,1.6,1.6,1.8
2025-08-01,2025-08-01 09:55:36.500,IO2508-P-3550,1.6,1.6,1.8
2025-08-01,2025-08-01 09:55:37.000,IO2508-P-3550,1.6,1.6,1.8
2025-08-01,2025-08-01 09:55:59.500,IO2508-P-3550,1.6,1.6,1.8
2025-08-01,2025-08-01 09:56:00.000,IO2508-P-3550,1.6,1.6,1.8
2025-08-01,2025-08-01 09:56:06.500,IO2508-P-3550,1.6,1.6,1.8
2025-08-01,2025-08-01 09:56:07.000,IO2508-P-3550,1.6,1.6,1.8
2025-08-01,2025-08-01 09:56:11.500,IO2508-P-3550,1.6,1.6,1.8
2025-08-01,2025-08-01 09:56:12.500,IO2508-P-3550,1.6,1.6,1.8
2025-08-01,2025-08-01 09:56:36.500,IO2508-P-3550,1.6,1.6,1.8
2025-08-01,2025-08-01 09:56:37.000,IO2508-P-3550,1.6,1.6,1.8
2025-08-01,2025-08-01 09:57:06.500,IO2508-P-3550,1.6,1.6,1.8
2025-08-01,2025-08-01 09:57:07.000,IO2508-P-3550,1.6,1.6,1.8
2025-08-01,2025-08-01 09:57:36.500,IO2508-P-3550,1.6,1.6,1.8
2025-08-01,2025-08-01 09:57:37.000,IO2508-P-3550,1.6,1.6,1.8
2025-08-01,2025-08-01 09:58:06.500,IO2508-P-3550,1.6,1.6,1.8
2025-08-01,2025-08-01 09:58:07.000,IO2508-P-3550,1.6,1.6,1.8
2025-08-01,2025-08-01 09:58:07.500,IO2508-P-3550,1.6,1.6,1.8
2025-08-01,2025-08-01 09:58:36.500,IO2508-P-3550,1.6,1.6,1.8
2025-08-01,2025-08-01 09:58:37.000,IO2508-P-3550,1.6,1.6,1.8
2025-08-01,2025-08-01 09:58:55.000,IO2508-P-3550,1.6,1.6,1.8
2025-08-01,2025-08-01 09:58:55.500,IO2508-P-3550,1.6,1.6,1.8
2025-08-01,2025-08-01 09:58:56.000,IO2508-P-3550,1.6,1.6,1.8
2025-08-01,2025-08-01 09:59:06.500,IO2508-P-3550,1.6,1.6,1.8
2025-08-01,2025-08-01 09:59:07.000,IO2508-P-3550,1.6,1.6,1.8
2025-08-01,2025-08-01 09:59:30.000,IO2508-P-3550,1.6,1.6,1.8
2025-08-01,2025-08-01 09:59:31.000,IO2508-P-3550,1.6,1.6,1.8
2025-08-01,2025-08-01 09:59:36.500,IO2508-P-3550,1.6,1.6,1.8
2025-08-01,2025-08-01 09:59:37.000,IO2508-P-3550,1.6,1.6,1.8
2025-08-01,2025-08-01 10:00:06.500,IO2508-P-3550,1.6,1.6,1.8
2025-08-01,2025-08-01 10:00:07.000,IO2508-P-3550,1.6,1.6,1.8
2025-08-01,2025-08-01 10:00:08.000,IO2508-P-3550,1.6,1.6,1.8
2025-08-01,2025-08-01 10:00:09.500,IO2508-P-3550,1.6,1.6,1.8
2025-08-01,2025-08-01 10:00:36.500,IO2508-P-3550,1.6,1.6,1.8
2025-08-01,2025-08-01 10:00:37.000,IO2508-P-3550,1.6,1.6,1.8
2025-08-01,2025-08-01 10:01:06.500,IO2508-P-3550,1.6,1.6,1.8
2025-08-01,2025-08-01 10:01:07.000,IO2508-P-3550,1.6,1.6,1.8
2025-08-01,2025-08-01 10:01:36.500,IO2508-P-3550,1.6,1.6,1.8
2025-08-01,2025-08-01 10:01:37.000,IO2508-P-3550,1.6,1.6,1.8
2025-08-01,2025-08-01 10:02:01.500,IO2508-P-3550,1.6,1.6,1.8
2025-08-01,2025-08-01 10:02:06.500,IO2508-P-3550,1.6,1.6,1.8
2025-08-01,2025-08-01 10:02:07.000,IO2508-P-3550,1.6,1.6,1.8
2025-08-01,2025-08-01 10:02:36.500,IO2508-P-3550,1.6,1.6,1.8
2025-08-01,2025-08-01 10:02:37.000,IO2508-P-3550,1.6,1.6,1.8
2025-08-01,2025-08-01 10:03:06.500,IO2508-P-3550,1.6,1.6,1.8
2025-08-01,2025-08-01 10:03:07.000,IO2508-P-3550,1.6,1.6,1.8
2025-08-01,2025-08-01 10:03:36.500,IO2508-P-3550,1.6,1.6,1.8
2025-08-01,2025-08-01 10:03:37.000,IO2508-P-3550,1.6,1.6,1.8
2025-08-01,2025-08-01 10:04:06.500,IO2508-P-3550,1.6,1.6,1.8
2025-08-01,2025-08-01 10:04:07.000,IO2508-P-3550,1.6,1.6,1.8
2025-08-01,2025-08-01 10:04:17.500,IO2508-P-3550,1.6,1.6,1.8
2025-08-01,2025-08-01 10:04:18.000,IO2508-P-3550,1.6,1.6,1.8
2025-08-01,2025-08-01 10:04:36.500,IO2508-P-3550,1.6,1.6,1.8
2025-08-01,2025-08-01 10:04:37.000,IO2508-P-3550,1.6,1.6,1.8
2025-08-01,2025-08-01 10:05:02.500,IO2508-P-3550,1.6,1.6,1.8
2025-08-01,2025-08-01 10:05:03.000,IO2508-P-3550,1.6,1.6,1.8
2025-08-01,2025-08-01 10:05:03.500,IO2508-P-3550,1.6,1.6,1.8
2025-08-01,2025-08-01 10:05:06.500,IO2508-P-3550,1.6,1.6,1.8
2025-08-01,2025-08-01 10:05:07.000,IO2508-P-3550,1.6,1.6,1.8
2025-08-01,2025-08-01 10:05:09.500,IO2508-P-3550,1.6,1.6,1.8
2025-08-01,2025-08-01 10:05:36.500,IO2508-P-3550,1.6,1.6,1.8
2025-08-01,2025-08-01 10:05:37.000,IO2508-P-3550,1.6,1.6,1.8
2025-08-01,2025-08-01 10:05:59.000,IO2508-P-3550,1.6,1.6,1.8
2025-08-01,2025-08-01 10:06:00.000,IO2508-P-3550,1.6,1.6,1.8
2025-08-01,2025-08-01 10:06:06.500,IO2508-P-3550,1.6,1.6,1.8
2025-08-01,2025-08-01 10:06:07.000,IO2508-P-3550,1.6,1.6,1.8
2025-08-01,2025-08-01 10:06:36.500,IO2508-P-3550,1.6,1.6,1.8
2025-08-01,2025-08-01 10:06:37.000,IO2508-P-3550,1.6,1.6,1.8
2025-08-01,2025-08-01 10:07:02.000,IO2508-P-3550,1.6,1.6,1.8
2025-08-01,2025-08-01 10:07:02.500,IO2508-P-3550,1.6,1.6,1.8
2025-08-01,2025-08-01 10:07:06.500,IO2508-P-3550,1.6,1.6,1.8
2025-08-01,2025-08-01 10:07:07.000,IO2508-P-3550,1.6,1.6,1.8
2025-08-01,2025-08-01 10:07:36.500,IO2508-P-3550,1.6,1.6,1.8
2025-08-01,2025-08-01 10:07:37.000,IO2508-P-3550,1.6,1.6,1.8
2025-08-01,2025-08-01 10:08:06.500,IO2508-P-3550,1.6,1.6,1.8
2025-08-01,2025-08-01 10:08:07.000,IO2508-P-3550,1.6,1.6,1.8
2025-08-01,2025-08-01 10:08:36.500,IO2508-P-3550,1.6,1.6,1.8
2025-08-01,2025-08-01 10:08:37.000,IO2508-P-3550,1.6,1.6,1.8
2025-08-01,2025-08-01 10:09:06.500,IO2508-P-3550,1.6,1.6,1.8
2025-08-01,2025-08-01 10:09:07.000,IO2508-P-3550,1.6,1.6,1.8
2025-08-01,2025-08-01 10:09:35.500,IO2508-P-3550,1.6,1.6,1.8
2025-08-01,2025-08-01 10:09:36.000,IO2508-P-3550,1.6,1.6,1.8
2025-08-01,2025-08-01 10:09:36.500,IO2508-P-3550,1.6,1.6,1.8
2025-08-01,2025-08-01 10:09:37.000,IO2508-P-3550,1.6,1.6,1.8
2025-08-01,2025-08-01 10:09:40.000,IO2508-P-3550,1.6,1.6,1.8
2025-08-01,2025-08-01 10:09:40.500,IO2508-P-3550,1.6,1.6,1.8
2025-08-01,2025-08-01 10:09:54.500,IO2508-P-3550,1.6,1.6,1.8
2025-08-01,2025-08-01 10:09:55.000,IO2508-P-3550,1.6,1.6,1.8
2025-08-01,2025-08-01 10:10:06.500,IO2508-P-3550,1.6,1.6,1.8
2025-08-01,2025-08-01 10:10:07.000,IO2508-P-3550,1.6,1.6,1.8
2025-08-01,2025-08-01 10:10:20.500,IO2508-P-3550,1.6,1.6,1.8
2025-08-01,2025-08-01 10:10:21.000,IO2508-P-3550,1.6,1.6,1.8
2025-08-01,2025-08-01 10:10:36.500,IO2508-P-3550,1.6,1.6,1.8
2025-08-01,2025-08-01 10:10:37.000,IO2508-P-3550,1.6,1.6,1.8
2025-08-01,2025-08-01 10:11:06.500,IO2508-P-3550,1.6,1.6,1.8
2025-08-01,2025-08-01 10:11:07.000,IO2508-P-3550,1.6,1.6,1.8
2025-08-01,2025-08-01 10:11:36.500,IO2508-P-3550,1.6,1.6,1.8
2025-08-01,2025-08-01 10:11:37.000,IO2508-P-3550,1.6,1.6,1.8
2025-08-01,2025-08-01 10:12:06.500,IO2508-P-3550,1.6,1.6,1.8
2025-08-01,2025-08-01 10:12:07.000,IO2508-P-3550,1.6,1.6,1.8
2025-08-01,2025-08-01 10:12:36.500,IO2508-P-3550,1.6,1.6,1.8
2025-08-01,2025-08-01 10:12:37.000,IO2508-P-3550,1.6,1.6,1.8
2025-08-01,2025-08-01 10:12:37.500,IO2508-P-3550,1.6,1.4,1.8
2025-08-01,2025-08-01 10:12:38.000,IO2508-P-3550,1.6,1.4,1.8
2025-08-01,2025-08-01 10:12:38.500,IO2508-P-3550,1.6,1.4,1.8
2025-08-01,2025-08-01 10:12:39.500,IO2508-P-3550,1.6,1.4,1.8
2025-08-01,2025-08-01 10:12:48.500,IO2508-P-3550,1.6,1.4,1.8
2025-08-01,2025-08-01 10:12:49.000,IO2508-P-3550,1.6,1.4,1.8
2025-08-01,2025-08-01 10:12:53.500,IO2508-P-3550,1.6,1.4,1.8
2025-08-01,2025-08-01 10:12:56.000,IO2508-P-3550,1.6,1.4,1.8
2025-08-01,2025-08-01 10:13:06.500,IO2508-P-3550,1.6,1.4,1.8
2025-08-01,2025-08-01 10:13:07.000,IO2508-P-3550,1.6,1.4,1.8
2025-08-01,2025-08-01 10:13:09.000,IO2508-P-3550,1.6,1.4,1.8
2025-08-01,2025-08-01 10:13:09.500,IO2508-P-3550,1.6,1.4,1.8
2025-08-01,2025-08-01 10:13:10.000,IO2508-P-3550,1.6,1.4,1.8
2025-08-01,2025-08-01 10:13:12.000,IO2508-P-3550,1.6,1.4,1.8
2025-08-01,2025-08-01 10:13:12.500,IO2508-P-3550,1.6,1.4,1.8
2025-08-01,2025-08-01 10:13:13.000,IO2508-P-3550,1.6,1.4,1.8
2025-08-01,2025-08-01 10:13:13.500,IO2508-P-3550,1.6,1.4,1.8
2025-08-01,2025-08-01 10:13:14.000,IO2508-P-3550,1.6,1.4,1.8
2025-08-01,2025-08-01 10:13:14.500,IO2508-P-3550,1.6,1.4,1.8
2025-08-01,2025-08-01 10:13:15.000,IO2508-P-3550,1.6,1.4,1.8
2025-08-01,2025-08-01 10:13:15.500,IO2508-P-3550,1.6,1.4,1.8
2025-08-01,2025-08-01 10:13:16.000,IO2508-P-3550,1.6,1.4,1.8
2025-08-01,2025-08-01 10:13:16.500,IO2508-P-3550,1.6,1.4,1.8
2025-08-01,2025-08-01 10:13:17.000,IO2508-P-3550,1.6,1.4,1.8
2025-08-01,2025-08-01 10:13:17.500,IO2508-P-3550,1.6,1.4,1.8
2025-08-01,2025-08-01 10:13:18.000,IO2508-P-3550,1.6,1.4,1.8
2025-08-01,2025-08-01 10:13:25.500,IO2508-P-3550,1.6,1.4,1.8
2025-08-01,2025-08-01 10:13:26.000,IO2508-P-3550,1.6,1.4,1.8
2025-08-01,2025-08-01 10:13:26.500,IO2508-P-3550,1.6,1.4,1.8
2025-08-01,2025-08-01 10:13:28.000,IO2508-P-3550,1.6,1.4,1.8
2025-08-01,2025-08-01 10:13:28.500,IO2508-P-3550,1.6,1.4,1.8
2025-08-01,2025-08-01 10:13:29.000,IO2508-P-3550,1.6,1.4,1.8
2025-08-01,2025-08-01 10:13:29.500,IO2508-P-3550,1.6,1.4,1.8
2025-08-01,2025-08-01 10:13:30.000,IO2508-P-3550,1.6,1.4,1.8
2025-08-01,2025-08-01 10:13:30.500,IO2508-P-3550,1.6,1.4,1.8
2025-08-01,2025-08-01 10:13:31.000,IO2508-P-3550,1.6,1.4,1.8
2025-08-01,2025-08-01 10:13:33.500,IO2508-P-3550,1.6,1.4,1.8
2025-08-01,2025-08-01 10:13:34.000,IO2508-P-3550,1.6,1.4,1.8
2025-08-01,2025-08-01 10:13:34.500,IO2508-P-3550,1.6,1.4,1.8
2025-08-01,2025-08-01 10:13:36.000,IO2508-P-3550,1.6,1.4,1.8
2025-08-01,2025-08-01 10:13:36.500,IO2508-P-3550,1.6,1.4,1.8
2025-08-01,2025-08-01 10:13:37.000,IO2508-P-3550,1.6,1.4,1.8
2025-08-01,2025-08-01 10:13:37.500,IO2508-P-3550,1.6,1.4,1.8
2025-08-01,2025-08-01 10:13:38.000,IO2508-P-3550,1.6,1.4,1.8
2025-08-01,2025-08-01 10:13:38.500,IO2508-P-3550,1.6,1.4,1.8
2025-08-01,2025-08-01 10:13:39.000,IO2508-P-3550,1.6,1.4,1.8
2025-08-01,2025-08-01 10:13:39.500,IO2508-P-3550,1.6,1.4,1.8
2025-08-01,2025-08-01 10:13:40.000,IO2508-P-3550,1.6,1.4,1.8
2025-08-01,2025-08-01 10:13:40.500,IO2508-P-3550,1.6,1.4,1.8
2025-08-01,2025-08-01 10:13:41.000,IO2508-P-3550,1.6,1.4,1.8
2025-08-01,2025-08-01 10:13:41.500,IO2508-P-3550,1.6,1.4,1.8
2025-08-01,2025-08-01 10:13:42.000,IO2508-P-3550,1.6,1.4,1.8
2025-08-01,2025-08-01 10:13:42.500,IO2508-P-3550,1.6,1.4,1.8
2025-08-01,2025-08-01 10:13:43.000,IO2508-P-3550,1.6,1.4,1.8
2025-08-01,2025-08-01 10:13:43.500,IO2508-P-3550,1.6,1.4,1.8
2025-08-01,2025-08-01 10:13:44.000,IO2508-P-3550,1.6,1.4,1.8
2025-08-01,2025-08-01 10:13:44.500,IO2508-P-3550,1.6,1.4,1.8
2025-08-01,2025-08-01 10:13:51.000,IO2508-P-3550,1.6,1.4,1.8
2025-08-01,2025-08-01 10:13:51.500,IO2508-P-3550,1.6,1.4,1.8
2025-08-01,2025-08-01 10:13:52.000,IO2508-P-3550,1.6,1.4,1.8
2025-08-01,2025-08-01 10:13:52.500,IO2508-P-3550,1.6,1.4,1.8
2025-08-01,2025-08-01 10:13:53.000,IO2508-P-3550,1.6,1.4,1.8
2025-08-01,2025-08-01 10:13:53.500,IO2508-P-3550,1.6,1.4,1.8
2025-08-01,2025-08-01 10:13:54.000,IO2508-P-3550,1.6,1.4,1.8
2025-08-01,2025-08-01 10:13:54.500,IO2508-P-3550,1.6,1.4,1.8
2025-08-01,2025-08-01 10:13:55.000,IO2508-P-3550,1.6,1.4,1.8
2025-08-01,2025-08-01 10:13:55.500,IO2508-P-3550,1.6,1.4,1.8
2025-08-01,2025-08-01 10:13:56.000,IO2508-P-3550,1.6,1.4,1.8
2025-08-01,2025-08-01 10:13:56.500,IO2508-P-3550,1.6,1.4,1.8
2025-08-01,2025-08-01 10:14:01.000,IO2508-P-3550,1.6,1.4,1.8
2025-08-01,2025-08-01 10:14:01.500,IO2508-P-3550,1.6,1.4,1.8
2025-08-01,2025-08-01 10:14:02.000,IO2508-P-3550,1.6,1.4,1.8
2025-08-01,2025-08-01 10:14:02.500,IO2508-P-3550,1.6,1.4,1.8
2025-08-01,2025-08-01 10:14:06.500,IO2508-P-3550,1.6,1.4,1.8
2025-08-01,2025-08-01 10:14:07.000,IO2508-P-3550,1.6,1.4,1.8
2025-08-01,2025-08-01 10:14:09.000,IO2508-P-3550,1.6,1.4,1.8
2025-08-01,2025-08-01 10:14:14.500,IO2508-P-3550,1.6,1.4,1.8
2025-08-01,2025-08-01 10:14:15.000,IO2508-P-3550,1.6,1.4,1.8
2025-08-01,2025-08-01 10:14:15.500,IO2508-P-3550,1.6,1.4,1.8
2025-08-01,2025-08-01 10:14:16.000,IO2508-P-3550,1.6,1.4,1.8
2025-08-01,2025-08-01 10:14:16.500,IO2508-P-3550,1.6,1.4,1.8
2025-08-01,2025-08-01 10:14:17.000,IO2508-P-3550,1.6,1.4,1.8
2025-08-01,2025-08-01 10:14:17.500,IO2508-P-3550,1.6,1.4,1.8
2025-08-01,2025-08-01 10:14:18.000,IO2508-P-3550,1.6,1.4,1.8
2025-08-01,2025-08-01 10:14:18.500,IO2508-P-3550,1.6,1.4,1.8
2025-08-01,2025-08-01 10:14:19.000,IO2508-P-3550,1.6,1.4,1.8
2025-08-01,2025-08-01 10:14:19.500,IO2508-P-3550,1.6,1.4,1.8
2025-08-01,2025-08-01 10:14:20.000,IO2508-P-3550,1.6,1.4,1.8
2025-08-01,2025-08-01 10:14:20.500,IO2508-P-3550,1.6,1.4,1.8
2025-08-01,2025-08-01 10:14:21.000,IO2508-P-3550,1.6,1.4,1.8
2025-08-01,2025-08-01 10:14:21.500,IO2508-P-3550,1.6,1.4,1.8
2025-08-01,2025-08-01 10:14:22.000,IO2508-P-3550,1.6,1.4,1.8
2025-08-01,2025-08-01 10:14:24.500,IO2508-P-3550,1.6,1.4,1.8
2025-08-01,2025-08-01 10:14:25.000,IO2508-P-3550,1.6,1.4,1.8
2025-08-01,2025-08-01 10:14:25.500,IO2508-P-3550,1.6,1.4,1.8
2025-08-01,2025-08-01 10:14:26.000,IO2508-P-3550,1.6,1.4,1.8
2025-08-01,2025-08-01 10:14:26.500,IO2508-P-3550,1.6,1.4,1.8
2025-08-01,2025-08-01 10:14:36.500,IO2508-P-3550,1.6,1.4,1.8
2025-08-01,2025-08-01 10:14:37.000,IO2508-P-3550,1.6,1.4,1.8
2025-08-01,2025-08-01 10:14:37.500,IO2508-P-3550,1.6,1.4,1.8
2025-08-01,2025-08-01 10:14:38.000,IO2508-P-3550,1.6,1.4,1.8
2025-08-01,2025-08-01 10:14:38.500,IO2508-P-3550,1.6,1.4,1.8
2025-08-01,2025-08-01 10:14:39.000,IO2508-P-3550,1.6,1.4,1.8
2025-08-01,2025-08-01 10:14:39.500,IO2508-P-3550,1.6,1.4,1.8
2025-08-01,2025-08-01 10:14:40.000,IO2508-P-3550,1.6,1.4,1.8
2025-08-01,2025-08-01 10:14:40.500,IO2508-P-3550,1.6,1.4,1.8
2025-08-01,2025-08-01 10:14:41.000,IO2508-P-3550,1.6,1.4,1.8
2025-08-01,2025-08-01 10:14:41.500,IO2508-P-3550,1.6,1.4,1.8
2025-08-01,2025-08-01 10:14:42.000,IO2508-P-3550,1.6,1.4,1.8
2025-08-01,2025-08-01 10:14:42.500,IO2508-P-3550,1.6,1.4,1.8
2025-08-01,2025-08-01 10:14:43.000,IO2508-P-3550,1.6,1.4,1.8
2025-08-01,2025-08-01 10:14:43.500,IO2508-P-3550,1.6,1.4,1.8
2025-08-01,2025-08-01 10:14:44.000,IO2508-P-3550,1.6,1.4,1.8
2025-08-01,2025-08-01 10:14:44.500,IO2508-P-3550,1.6,1.4,1.8
2025-08-01,2025-08-01 10:14:45.000,IO2508-P-3550,1.6,1.4,1.8
2025-08-01,2025-08-01 10:14:45.500,IO2508-P-3550,1.6,1.4,1.8
2025-08-01,2025-08-01 10:14:46.000,IO2508-P-3550,1.6,1.4,1.8
2025-08-01,2025-08-01 10:14:46.500,IO2508-P-3550,1.6,1.4,1.8
2025-08-01,2025-08-01 10:14:47.000,IO2508-P-3550,1.6,1.4,1.8
2025-08-01,2025-08-01 10:14:47.500,IO2508-P-3550,1.6,1.4,1.8
2025-08-01,2025-08-01 10:14:48.000,IO2508-P-3550,1.6,1.4,1.8
2025-08-01,2025-08-01 10:14:48.500,IO2508-P-3550,1.6,1.4,1.8
2025-08-01,2025-08-01 10:14:49.000,IO2508-P-3550,1.6,1.4,1.8
2025-08-01,2025-08-01 10:14:49.500,IO2508-P-3550,1.6,1.4,1.8
2025-08-01,2025-08-01 10:14:50.000,IO2508-P-3550,1.6,1.4,1.8
2025-08-01,2025-08-01 10:14:50.500,IO2508-P-3550,1.6,1.4,1.8
2025-08-01,2025-08-01 10:14:51.000,IO2508-P-3550,1.6,1.4,1.8
2025-08-01,2025-08-01 10:14:51.500,IO2508-P-3550,1.6,1.4,1.8
2025-08-01,2025-08-01 10:14:52.000,IO2508-P-3550,1.6,1.4,1.8
2025-08-01,2025-08-01 10:14:52.500,IO2508-P-3550,1.6,1.4,1.8
2025-08-01,2025-08-01 10:14:53.000,IO2508-P-3550,1.6,1.4,1.8
2025-08-01,2025-08-01 10:14:53.500,IO2508-P-3550,1.6,1.4,1.8
2025-08-01,2025-08-01 10:14:54.000,IO2508-P-3550,1.6,1.4,1.8
2025-08-01,2025-08-01 10:14:54.500,IO2508-P-3550,1.6,1.4,1.8
2025-08-01,2025-08-01 10:14:55.000,IO2508-P-3550,1.6,1.4,1.8
2025-08-01,2025-08-01 10:14:55.500,IO2508-P-3550,1.6,1.4,1.8
2025-08-01,2025-08-01 10:14:56.000,IO2508-P-3550,1.6,1.4,1.8
2025-08-01,2025-08-01 10:14:56.500,IO2508-P-3550,1.6,1.4,1.8
2025-08-01,2025-08-01 10:14:57.000,IO2508-P-3550,1.6,1.4,1.8
2025-08-01,2025-08-01 10:14:57.500,IO2508-P-3550,1.6,1.4,1.8
2025-08-01,2025-08-01 10:15:02.000,IO2508-P-3550,1.6,1.4,1.8
2025-08-01,2025-08-01 10:15:06.500,IO2508-P-3550,1.6,1.4,1.8
2025-08-01,2025-08-01 10:15:07.000,IO2508-P-3550,1.6,1.4,1.8
2025-08-01,2025-08-01 10:15:11.000,IO2508-P-3550,1.6,1.4,1.8
2025-08-01,2025-08-01 10:15:15.000,IO2508-P-3550,1.6,1.4,1.8
2025-08-01,2025-08-01 10:15:15.500,IO2508-P-3550,1.6,1.4,1.8
2025-08-01,2025-08-01 10:15:16.000,IO2508-P-3550,1.6,1.4,1.8
2025-08-01,2025-08-01 10:15:18.500,IO2508-P-3550,1.6,1.4,1.8
2025-08-01,2025-08-01 10:15:19.000,IO2508-P-3550,1.6,1.4,1.8
2025-08-01,2025-08-01 10:15:24.000,IO2508-P-3550,1.6,1.4,1.8
2025-08-01,2025-08-01 10:15:24.500,IO2508-P-3550,1.6,1.4,1.8
2025-08-01,2025-08-01 10:15:25.000,IO2508-P-3550,1.6,1.4,1.8
2025-08-01,2025-08-01 10:15:25.500,IO2508-P-3550,1.6,1.4,1.8
2025-08-01,2025-08-01 10:15:36.500,IO2508-P-3550,1.6,1.4,1.8
2025-08-01,2025-08-01 10:15:37.000,IO2508-P-3550,1.6,1.4,1.8
2025-08-01,2025-08-01 10:15:37.500,IO2508-P-3550,1.6,1.4,1.8
2025-08-01,2025-08-01 10:15:39.000,IO2508-P-3550,1.6,1.4,1.8
2025-08-01,2025-08-01 10:15:39.500,IO2508-P-3550,1.6,1.4,1.8
2025-08-01,2025-08-01 10:15:40.000,IO2508-P-3550,1.6,1.4,1.8
2025-08-01,2025-08-01 10:15:40.500,IO2508-P-3550,1.6,1.4,1.8
2025-08-01,2025-08-01 10:15:41.000,IO2508-P-3550,1.6,1.4,1.8
2025-08-01,2025-08-01 10:15:41.500,IO2508-P-3550,1.6,1.4,1.8
2025-08-01,2025-08-01 10:15:42.000,IO2508-P-3550,1.6,1.4,1.8
2025-08-01,2025-08-01 10:15:42.500,IO2508-P-3550,1.6,1.4,1.8
2025-08-01,2025-08-01 10:15:43.000,IO2508-P-3550,1.6,1.4,1.8
2025-08-01,2025-08-01 10:15:56.500,IO2508-P-3550,1.6,1.4,1.8
2025-08-01,2025-08-01 10:15:57.000,IO2508-P-3550,1.6,1.4,1.8
2025-08-01,2025-08-01 10:16:05.500,IO2508-P-3550,1.6,1.4,1.8
2025-08-01,2025-08-01 10:16:06.000,IO2508-P-3550,1.6,1.4,1.8
2025-08-01,2025-08-01 10:16:06.500,IO2508-P-3550,1.6,1.4,1.8
2025-08-01,2025-08-01 10:16:07.000,IO2508-P-3550,1.6,1.4,1.8
2025-08-01,2025-08-01 10:16:08.000,IO2508-P-3550,1.6,1.4,1.8
2025-08-01,2025-08-01 10:16:08.500,IO2508-P-3550,1.6,1.4,1.8
2025-08-01,2025-08-01 10:16:15.000,IO2508-P-3550,1.6,1.4,1.8
2025-08-01,2025-08-01 10:16:24.000,IO2508-P-3550,1.6,1.4,1.8
2025-08-01,2025-08-01 10:16:25.000,IO2508-P-3550,1.6,1.4,1.8
2025-08-01,2025-08-01 10:16:28.500,IO2508-P-3550,1.6,1.4,1.8
2025-08-01,2025-08-01 10:16:29.000,IO2508-P-3550,1.6,1.4,1.8
2025-08-01,2025-08-01 10:16:29.500,IO2508-P-3550,1.6,1.4,1.8
2025-08-01,2025-08-01 10:16:30.000,IO2508-P-3550,1.6,1.4,1.8
2025-08-01,2025-08-01 10:16:30.500,IO2508-P-3550,1.6,1.4,1.8
2025-08-01,2025-08-01 10:16:31.000,IO2508-P-3550,1.6,1.4,1.8
2025-08-01,2025-08-01 10:16:31.500,IO2508-P-3550,1.6,1.4,1.8
2025-08-01,2025-08-01 10:16:32.000,IO2508-P-3550,1.6,1.4,1.8
2025-08-01,2025-08-01 10:16:32.500,IO2508-P-3550,1.6,1.4,1.8
2025-08-01,2025-08-01 10:16:33.000,IO2508-P-3550,1.6,1.4,1.8
2025-08-01,2025-08-01 10:16:33.500,IO2508-P-3550,1.6,1.4,1.8
2025-08-01,2025-08-01 10:16:34.000,IO2508-P-3550,1.6,1.4,1.8
2025-08-01,2025-08-01 10:16:34.500,IO2508-P-3550,1.6,1.4,1.8
2025-08-01,2025-08-01 10:16:35.000,IO2508-P-3550,1.6,1.4,1.8
2025-08-01,2025-08-01 10:16:35.500,IO2508-P-3550,1.6,1.4,1.8
2025-08-01,2025-08-01 10:16:36.500,IO2508-P-3550,1.6,1.4,1.8
2025-08-01,2025-08-01 10:16:37.000,IO2508-P-3550,1.6,1.4,1.8
2025-08-01,2025-08-01 10:16:38.000,IO2508-P-3550,1.6,1.4,1.8
2025-08-01,2025-08-01 10:16:38.500,IO2508-P-3550,1.6,1.4,1.8
2025-08-01,2025-08-01 10:16:39.000,IO2508-P-3550,1.6,1.4,1.8
2025-08-01,2025-08-01 10:16:41.000,IO2508-P-3550,1.6,1.4,1.8
2025-08-01,2025-08-01 10:16:41.500,IO2508-P-3550,1.6,1.4,1.8
2025-08-01,2025-08-01 10:16:42.000,IO2508-P-3550,1.6,1.4,1.8
2025-08-01,2025-08-01 10:16:59.500,IO2508-P-3550,1.6,1.4,1.8
2025-08-01,2025-08-01 10:17:00.000,IO2508-P-3550,1.6,1.4,1.8
2025-08-01,2025-08-01 10:17:00.500,IO2508-P-3550,1.6,1.4,1.8
2025-08-01,2025-08-01 10:17:03.500,IO2508-P-3550,1.6,1.4,1.8
2025-08-01,2025-08-01 10:17:04.000,IO2508-P-3550,1.6,1.4,1.8
2025-08-01,2025-08-01 10:17:06.500,IO2508-P-3550,1.6,1.4,1.8
2025-08-01,2025-08-01 10:17:07.000,IO2508-P-3550,1.6,1.4,1.8
2025-08-01,2025-08-01 10:17:07.500,IO2508-P-3550,1.6,1.4,1.8
2025-08-01,2025-08-01 10:17:08.000,IO2508-P-3550,1.6,1.4,1.8
2025-08-01,2025-08-01 10:17:08.500,IO2508-P-3550,1.6,1.4,1.8
2025-08-01,2025-08-01 10:17:09.000,IO2508-P-3550,1.6,1.4,1.8
2025-08-01,2025-08-01 10:17:09.500,IO2508-P-3550,1.6,1.4,1.8
2025-08-01,2025-08-01 10:17:10.000,IO2508-P-3550,1.6,1.4,1.8
2025-08-01,2025-08-01 10:17:11.000,IO2508-P-3550,1.6,1.4,1.8
2025-08-01,2025-08-01 10:17:11.500,IO2508-P-3550,1.6,1.4,1.8
2025-08-01,2025-08-01 10:17:12.000,IO2508-P-3550,1.6,1.4,1.8
2025-08-01,2025-08-01 10:17:12.500,IO2508-P-3550,1.6,1.4,1.8
2025-08-01,2025-08-01 10:17:13.000,IO2508-P-3550,1.6,1.4,1.8
2025-08-01,2025-08-01 10:17:13.500,IO2508-P-3550,1.6,1.4,1.8
2025-08-01,2025-08-01 10:17:14.000,IO2508-P-3550,1.6,1.4,1.8
2025-08-01,2025-08-01 10:17:14.500,IO2508-P-3550,1.6,1.4,1.8
2025-08-01,2025-08-01 10:17:15.000,IO2508-P-3550,1.6,1.4,1.8
2025-08-01,2025-08-01 10:17:15.500,IO2508-P-3550,1.6,1.4,1.8
2025-08-01,2025-08-01 10:17:16.000,IO2508-P-3550,1.6,1.4,1.8
2025-08-01,2025-08-01 10:17:16.500,IO2508-P-3550,1.6,1.4,1.8
2025-08-01,2025-08-01 10:17:17.000,IO2508-P-3550,1.6,1.4,1.8
2025-08-01,2025-08-01 10:17:17.500,IO2508-P-3550,1.6,1.4,1.8
2025-08-01,2025-08-01 10:17:18.000,IO2508-P-3550,1.6,1.4,1.8
2025-08-01,2025-08-01 10:17:18.500,IO2508-P-3550,1.6,1.4,1.8
2025-08-01,2025-08-01 10:17:19.000,IO2508-P-3550,1.6,1.4,1.8
2025-08-01,2025-08-01 10:17:19.500,IO2508-P-3550,1.6,1.4,1.8
2025-08-01,2025-08-01 10:17:20.000,IO2508-P-3550,1.6,1.4,1.8
2025-08-01,2025-08-01 10:17:20.500,IO2508-P-3550,1.6,1.4,1.8
2025-08-01,2025-08-01 10:17:21.000,IO2508-P-3550,1.6,1.4,1.8
2025-08-01,2025-08-01 10:17:21.500,IO2508-P-3550,1.6,1.4,1.8
2025-08-01,2025-08-01 10:17:22.000,IO2508-P-3550,1.6,1.4,1.8
2025-08-01,2025-08-01 10:17:22.500,IO2508-P-3550,1.6,1.4,1.8
2025-08-01,2025-08-01 10:17:23.000,IO2508-P-3550,1.6,1.4,1.8
2025-08-01,2025-08-01 10:17:23.500,IO2508-P-3550,1.6,1.4,1.8
2025-08-01,2025-08-01 10:17:24.000,IO2508-P-3550,1.6,1.4,1.8
2025-08-01,2025-08-01 10:17:24.500,IO2508-P-3550,1.6,1.4,1.8
2025-08-01,2025-08-01 10:17:25.000,IO2508-P-3550,1.6,1.4,1.8
2025-08-01,2025-08-01 10:17:25.500,IO2508-P-3550,1.6,1.4,1.8
2025-08-01,2025-08-01 10:17:26.000,IO2508-P-3550,1.6,1.4,1.8
2025-08-01,2025-08-01 10:17:26.500,IO2508-P-3550,1.6,1.4,1.8
2025-08-01,2025-08-01 10:17:27.000,IO2508-P-3550,1.6,1.4,1.8
2025-08-01,2025-08-01 10:17:27.500,IO2508-P-3550,1.6,1.4,1.8
2025-08-01,2025-08-01 10:17:28.000,IO2508-P-3550,1.6,1.4,1.8
2025-08-01,2025-08-01 10:17:28.500,IO2508-P-3550,1.6,1.4,1.8
2025-08-01,2025-08-01 10:17:29.000,IO2508-P-3550,1.6,1.4,1.8
2025-08-01,2025-08-01 10:17:29.500,IO2508-P-3550,1.6,1.4,1.8
2025-08-01,2025-08-01 10:17:30.000,IO2508-P-3550,1.6,1.4,1.8
2025-08-01,2025-08-01 10:17:30.500,IO2508-P-3550,1.6,1.4,1.8
2025-08-01,2025-08-01 10:17:31.000,IO2508-P-3550,1.6,1.4,1.8
2025-08-01,2025-08-01 10:17:31.500,IO2508-P-3550,1.6,1.4,1.8
2025-08-01,2025-08-01 10:17:32.000,IO2508-P-3550,1.6,1.4,1.8
2025-08-01,2025-08-01 10:17:32.500,IO2508-P-3550,1.6,1.4,1.8
2025-08-01,2025-08-01 10:17:33.000,IO2508-P-3550,1.6,1.4,1.8
2025-08-01,2025-08-01 10:17:33.500,IO2508-P-3550,1.6,1.4,1.8
2025-08-01,2025-08-01 10:17:34.000,IO2508-P-3550,1.6,1.4,1.8
2025-08-01,2025-08-01 10:17:34.500,IO2508-P-3550,1.6,1.4,1.8
2025-08-01,2025-08-01 10:17:35.000,IO2508-P-3550,1.6,1.4,1.8
2025-08-01,2025-08-01 10:17:35.500,IO2508-P-3550,1.6,1.4,1.8
2025-08-01,2025-08-01 10:17:36.000,IO2508-P-3550,1.6,1.4,1.8
2025-08-01,2025-08-01 10:17:36.500,IO2508-P-3550,1.6,1.4,1.8
2025-08-01,2025-08-01 10:17:37.000,IO2508-P-3550,1.6,1.4,1.8
2025-08-01,2025-08-01 10:17:37.500,IO2508-P-3550,1.6,1.4,1.8
2025-08-01,2025-08-01 10:17:38.000,IO2508-P-3550,1.6,1.4,1.8
2025-08-01,2025-08-01 10:17:38.500,IO2508-P-3550,1.6,1.4,1.8
2025-08-01,2025-08-01 10:17:39.000,IO2508-P-3550,1.6,1.4,1.8
2025-08-01,2025-08-01 10:17:39.500,IO2508-P-3550,1.6,1.4,1.8
2025-08-01,2025-08-01 10:17:40.000,IO2508-P-3550,1.6,1.4,1.8
2025-08-01,2025-08-01 10:17:40.500,IO2508-P-3550,1.6,1.4,1.8
2025-08-01,2025-08-01 10:17:41.000,IO2508-P-3550,1.6,1.4,1.8
2025-08-01,2025-08-01 10:17:41.500,IO2508-P-3550,1.6,1.4,1.8
2025-08-01,2025-08-01 10:17:42.000,IO2508-P-3550,1.6,1.4,1.8
2025-08-01,2025-08-01 10:17:42.500,IO2508-P-3550,1.6,1.4,1.8
2025-08-01,2025-08-01 10:17:43.000,IO2508-P-3550,1.6,1.4,1.8
2025-08-01,2025-08-01 10:17:43.500,IO2508-P-3550,1.6,1.4,1.8
2025-08-01,2025-08-01 10:17:47.500,IO2508-P-3550,1.6,1.4,1.8
2025-08-01,2025-08-01 10:17:48.000,IO2508-P-3550,1.6,1.4,1.8
2025-08-01,2025-08-01 10:17:48.500,IO2508-P-3550,1.6,1.4,1.8
2025-08-01,2025-08-01 10:17:49.000,IO2508-P-3550,1.6,1.4,1.8
2025-08-01,2025-08-01 10:17:49.500,IO2508-P-3550,1.6,1.4,1.8
2025-08-01,2025-08-01 10:17:51.000,IO2508-P-3550,1.6,1.4,1.8
2025-08-01,2025-08-01 10:17:51.500,IO2508-P-3550,1.6,1.4,1.8
2025-08-01,2025-08-01 10:17:52.000,IO2508-P-3550,1.6,1.4,1.8
2025-08-01,2025-08-01 10:17:52.500,IO2508-P-3550,1.6,1.4,1.8
2025-08-01,2025-08-01 10:17:53.000,IO2508-P-3550,1.6,1.4,1.8
2025-08-01,2025-08-01 10:17:53.500,IO2508-P-3550,1.6,1.4,1.8
2025-08-01,2025-08-01 10:17:54.000,IO2508-P-3550,1.6,1.4,1.8
2025-08-01,2025-08-01 10:17:54.500,IO2508-P-3550,1.6,1.4,1.8
2025-08-01,2025-08-01 10:17:55.000,IO2508-P-3550,1.6,1.4,1.8
2025-08-01,2025-08-01 10:17:55.500,IO2508-P-3550,1.6,1.4,1.8
2025-08-01,2025-08-01 10:17:56.000,IO2508-P-3550,1.6,1.4,1.8
2025-08-01,2025-08-01 10:17:56.500,IO2508-P-3550,1.6,1.4,1.8
2025-08-01,2025-08-01 10:17:57.000,IO2508-P-3550,1.6,1.4,1.8
2025-08-01,2025-08-01 10:17:58.000,IO2508-P-3550,1.6,1.4,1.8
2025-08-01,2025-08-01 10:17:58.500,IO2508-P-3550,1.6,1.4,1.8
2025-08-01,2025-08-01 10:17:59.000,IO2508-P-3550,1.6,1.4,1.8
2025-08-01,2025-08-01 10:17:59.500,IO2508-P-3550,1.6,1.4,1.8
2025-08-01,2025-08-01 10:18:00.000,IO2508-P-3550,1.6,1.4,1.8
2025-08-01,2025-08-01 10:18:00.500,IO2508-P-3550,1.6,1.4,1.8
2025-08-01,2025-08-01 10:18:01.000,IO2508-P-3550,1.6,1.4,1.8
2025-08-01,2025-08-01 10:18:01.500,IO2508-P-3550,1.6,1.4,1.8
2025-08-01,2025-08-01 10:18:02.000,IO2508-P-3550,1.6,1.4,1.8
2025-08-01,2025-08-01 10:18:02.500,IO2508-P-3550,1.6,1.4,1.8
2025-08-01,2025-08-01 10:18:03.000,IO2508-P-3550,1.6,1.4,1.8
2025-08-01,2025-08-01 10:18:03.500,IO2508-P-3550,1.6,1.4,1.8
2025-08-01,2025-08-01 10:18:04.000,IO2508-P-3550,1.6,1.4,1.8
2025-08-01,2025-08-01 10:18:04.500,IO2508-P-3550,1.6,1.4,1.8
2025-08-01,2025-08-01 10:18:05.000,IO2508-P-3550,1.6,1.4,1.8
2025-08-01,2025-08-01 10:18:05.500,IO2508-P-3550,1.6,1.4,1.8
2025-08-01,2025-08-01 10:18:06.000,IO2508-P-3550,1.6,1.4,1.8
2025-08-01,2025-08-01 10:18:06.500,IO2508-P-3550,1.6,1.4,1.8
2025-08-01,2025-08-01 10:18:07.000,IO2508-P-3550,1.6,1.4,1.8
2025-08-01,2025-08-01 10:18:07.500,IO2508-P-3550,1.6,1.4,1.8
2025-08-01,2025-08-01 10:18:08.000,IO2508-P-3550,1.6,1.4,1.8
2025-08-01,2025-08-01 10:18:08.500,IO2508-P-3550,1.6,1.4,1.8
2025-08-01,2025-08-01 10:18:09.000,IO2508-P-3550,1.6,1.4,1.8
2025-08-01,2025-08-01 10:18:09.500,IO2508-P-3550,1.6,1.4,1.8
2025-08-01,2025-08-01 10:18:10.000,IO2508-P-3550,1.6,1.4,1.8
2025-08-01,2025-08-01 10:18:10.500,IO2508-P-3550,1.6,1.4,1.8
2025-08-01,2025-08-01 10:18:11.000,IO2508-P-3550,1.6,1.4,1.8
2025-08-01,2025-08-01 10:18:11.500,IO2508-P-3550,1.6,1.4,1.8
2025-08-01,2025-08-01 10:18:12.000,IO2508-P-3550,1.6,1.4,1.8
2025-08-01,2025-08-01 10:18:12.500,IO2508-P-3550,1.6,1.4,1.8
2025-08-01,2025-08-01 10:18:13.000,IO2508-P-3550,1.6,1.4,1.8
2025-08-01,2025-08-01 10:18:13.500,IO2508-P-3550,1.6,1.4,1.8
2025-08-01,2025-08-01 10:18:14.000,IO2508-P-3550,1.6,1.4,1.8
2025-08-01,2025-08-01 10:18:14.500,IO2508-P-3550,1.6,1.4,1.8
2025-08-01,2025-08-01 10:18:15.000,IO2508-P-3550,1.6,1.4,1.8
2025-08-01,2025-08-01 10:18:15.500,IO2508-P-3550,1.6,1.4,1.8
2025-08-01,2025-08-01 10:18:16.000,IO2508-P-3550,1.6,1.4,1.8
2025-08-01,2025-08-01 10:18:16.500,IO2508-P-3550,1.6,1.4,1.8
2025-08-01,2025-08-01 10:18:17.000,IO2508-P-3550,1.6,1.4,1.8
2025-08-01,2025-08-01 10:18:18.000,IO2508-P-3550,1.6,1.4,1.8
2025-08-01,2025-08-01 10:18:18.500,IO2508-P-3550,1.6,1.4,1.8
2025-08-01,2025-08-01 10:18:19.000,IO2508-P-3550,1.6,1.4,1.8
2025-08-01,2025-08-01 10:18:19.500,IO2508-P-3550,1.6,1.4,1.8
2025-08-01,2025-08-01 10:18:20.000,IO2508-P-3550,1.6,1.4,1.8
2025-08-01,2025-08-01 10:18:20.500,IO2508-P-3550,1.6,1.4,1.8
2025-08-01,2025-08-01 10:18:21.000,IO2508-P-3550,1.6,1.4,1.8
2025-08-01,2025-08-01 10:18:21.500,IO2508-P-3550,1.6,1.4,1.8
2025-08-01,2025-08-01 10:18:22.000,IO2508-P-3550,1.6,1.4,1.8
2025-08-01,2025-08-01 10:18:22.500,IO2508-P-3550,1.6,1.4,1.8
2025-08-01,2025-08-01 10:18:23.000,IO2508-P-3550,1.6,1.4,1.8
2025-08-01,2025-08-01 10:18:23.500,IO2508-P-3550,1.6,1.4,1.8
2025-08-01,2025-08-01 10:18:24.000,IO2508-P-3550,1.6,1.4,1.8
2025-08-01,2025-08-01 10:18:24.500,IO2508-P-3550,1.6,1.4,1.8
2025-08-01,2025-08-01 10:18:25.000,IO2508-P-3550,1.6,1.4,1.8
2025-08-01,2025-08-01 10:18:25.500,IO2508-P-3550,1.6,1.4,1.8
2025-08-01,2025-08-01 10:18:26.000,IO2508-P-3550,1.6,1.4,1.8
2025-08-01,2025-08-01 10:18:32.500,IO2508-P-3550,1.6,1.4,1.8
2025-08-01,2025-08-01 10:18:33.000,IO2508-P-3550,1.6,1.4,1.8
2025-08-01,2025-08-01 10:18:33.500,IO2508-P-3550,1.6,1.4,1.8
2025-08-01,2025-08-01 10:18:34.000,IO2508-P-3550,1.6,1.4,1.8
2025-08-01,2025-08-01 10:18:34.500,IO2508-P-3550,1.6,1.4,1.8
2025-08-01,2025-08-01 10:18:35.000,IO2508-P-3550,1.6,1.4,1.8
2025-08-01,2025-08-01 10:18:35.500,IO2508-P-3550,1.6,1.4,1.8
2025-08-01,2025-08-01 10:18:36.000,IO2508-P-3550,1.6,1.4,1.8
2025-08-01,2025-08-01 10:18:36.500,IO2508-P-3550,1.6,1.4,1.8
2025-08-01,2025-08-01 10:18:37.000,IO2508-P-3550,1.6,1.4,1.8
2025-08-01,2025-08-01 10:18:37.500,IO2508-P-3550,1.6,1.4,1.8
2025-08-01,2025-08-01 10:18:38.000,IO2508-P-3550,1.6,1.4,1.8
2025-08-01,2025-08-01 10:18:38.500,IO2508-P-3550,1.6,1.4,1.8
2025-08-01,2025-08-01 10:18:39.000,IO2508-P-3550,1.6,1.4,1.8
2025-08-01,2025-08-01 10:18:39.500,IO2508-P-3550,1.6,1.4,1.8
2025-08-01,2025-08-01 10:18:40.000,IO2508-P-3550,1.6,1.4,1.8
2025-08-01,2025-08-01 10:18:40.500,IO2508-P-3550,1.6,1.4,1.8
2025-08-01,2025-08-01 10:18:41.000,IO2508-P-3550,1.6,1.4,1.8
2025-08-01,2025-08-01 10:18:41.500,IO2508-P-3550,1.6,1.4,1.8
2025-08-01,2025-08-01 10:18:42.000,IO2508-P-3550,1.6,1.4,1.8
2025-08-01,2025-08-01 10:18:42.500,IO2508-P-3550,1.6,1.4,1.8
2025-08-01,2025-08-01 10:18:43.000,IO2508-P-3550,1.6,1.4,1.8
2025-08-01,2025-08-01 10:18:43.500,IO2508-P-3550,1.6,1.4,1.8
2025-08-01,2025-08-01 10:18:44.000,IO2508-P-3550,1.6,1.4,1.8
2025-08-01,2025-08-01 10:18:44.500,IO2508-P-3550,1.6,1.4,1.8
2025-08-01,2025-08-01 10:18:45.000,IO2508-P-3550,1.6,1.4,1.8
2025-08-01,2025-08-01 10:18:45.500,IO2508-P-3550,1.6,1.4,1.8
2025-08-01,2025-08-01 10:18:46.000,IO2508-P-3550,1.6,1.4,1.8
2025-08-01,2025-08-01 10:18:46.500,IO2508-P-3550,1.6,1.4,1.8
2025-08-01,2025-08-01 10:18:47.000,IO2508-P-3550,1.6,1.4,1.8
2025-08-01,2025-08-01 10:18:47.500,IO2508-P-3550,1.6,1.4,1.8
2025-08-01,2025-08-01 10:18:48.000,IO2508-P-3550,1.6,1.4,1.8
2025-08-01,2025-08-01 10:18:48.500,IO2508-P-3550,1.6,1.4,1.8
2025-08-01,2025-08-01 10:18:49.000,IO2508-P-3550,1.6,1.4,1.8
2025-08-01,2025-08-01 10:18:49.500,IO2508-P-3550,1.6,1.4,1.8
2025-08-01,2025-08-01 10:18:50.000,IO2508-P-3550,1.6,1.4,1.8
2025-08-01,2025-08-01 10:18:50.500,IO2508-P-3550,1.6,1.4,1.8
2025-08-01,2025-08-01 10:18:51.000,IO2508-P-3550,1.6,1.4,1.8
2025-08-01,2025-08-01 10:18:51.500,IO2508-P-3550,1.6,1.4,1.8
2025-08-01,2025-08-01 10:18:52.000,IO2508-P-3550,1.6,1.4,1.8
2025-08-01,2025-08-01 10:18:52.500,IO2508-P-3550,1.6,1.4,1.8
2025-08-01,2025-08-01 10:18:53.000,IO2508-P-3550,1.6,1.4,1.8
2025-08-01,2025-08-01 10:18:53.500,IO2508-P-3550,1.6,1.4,1.8
2025-08-01,2025-08-01 10:18:54.000,IO2508-P-3550,1.6,1.4,1.8
2025-08-01,2025-08-01 10:18:54.500,IO2508-P-3550,1.6,1.4,1.8
2025-08-01,2025-08-01 10:18:55.000,IO2508-P-3550,1.6,1.4,1.8
2025-08-01,2025-08-01 10:18:55.500,IO2508-P-3550,1.6,1.4,1.8
2025-08-01,2025-08-01 10:19:06.500,IO2508-P-3550,1.6,1.4,1.8
2025-08-01,2025-08-01 10:19:07.000,IO2508-P-3550,1.6,1.4,1.8
2025-08-01,2025-08-01 10:19:36.000,IO2508-P-3550,1.6,1.4,1.8
2025-08-01,2025-08-01 10:19:36.500,IO2508-P-3550,1.6,1.4,1.8
2025-08-01,2025-08-01 10:19:37.000,IO2508-P-3550,1.6,1.4,1.8
2025-08-01,2025-08-01 10:19:37.500,IO2508-P-3550,1.6,1.4,1.8
2025-08-01,2025-08-01 10:19:38.000,IO2508-P-3550,1.6,1.4,1.8
2025-08-01,2025-08-01 10:19:38.500,IO2508-P-3550,1.6,1.4,1.8
2025-08-01,2025-08-01 10:19:39.000,IO2508-P-3550,1.6,1.4,1.8
2025-08-01,2025-08-01 10:19:39.500,IO2508-P-3550,1.6,1.4,1.8
2025-08-01,2025-08-01 10:19:40.000,IO2508-P-3550,1.6,1.4,1.8
2025-08-01,2025-08-01 10:19:40.500,IO2508-P-3550,1.6,1.4,1.8
2025-08-01,2025-08-01 10:19:41.000,IO2508-P-3550,1.6,1.4,1.8
2025-08-01,2025-08-01 10:19:41.500,IO2508-P-3550,1.6,1.4,1.8
2025-08-01,2025-08-01 10:19:42.000,IO2508-P-3550,1.6,1.4,1.8
2025-08-01,2025-08-01 10:19:42.500,IO2508-P-3550,1.6,1.4,1.8
2025-08-01,2025-08-01 10:19:43.000,IO2508-P-3550,1.6,1.4,1.8
2025-08-01,2025-08-01 10:19:43.500,IO2508-P-3550,1.6,1.4,1.8
2025-08-01,2025-08-01 10:19:44.000,IO2508-P-3550,1.6,1.4,1.8
2025-08-01,2025-08-01 10:20:06.000,IO2508-P-3550,1.6,1.4,1.8
2025-08-01,2025-08-01 10:20:06.500,IO2508-P-3550,1.6,1.4,1.8
2025-08-01,2025-08-01 10:20:07.000,IO2508-P-3550,1.6,1.4,1.8
2025-08-01,2025-08-01 10:20:07.500,IO2508-P-3550,1.6,1.4,1.8
2025-08-01,2025-08-01 10:20:08.000,IO2508-P-3550,1.6,1.4,1.8
2025-08-01,2025-08-01 10:20:08.500,IO2508-P-3550,1.6,1.4,1.8
2025-08-01,2025-08-01 10:20:09.000,IO2508-P-3550,1.6,1.4,1.8
2025-08-01,2025-08-01 10:20:09.500,IO2508-P-3550,1.6,1.4,1.8
2025-08-01,2025-08-01 10:20:10.000,IO2508-P-3550,1.6,1.4,1.8
2025-08-01,2025-08-01 10:20:10.500,IO2508-P-3550,1.6,1.4,1.8
2025-08-01,2025-08-01 10:20:11.000,IO2508-P-3550,1.6,1.4,1.8
2025-08-01,2025-08-01 10:20:11.500,IO2508-P-3550,1.6,1.4,1.8
2025-08-01,2025-08-01 10:20:12.000,IO2508-P-3550,1.6,1.4,1.8
2025-08-01,2025-08-01 10:20:12.500,IO2508-P-3550,1.6,1.4,1.8
2025-08-01,2025-08-01 10:20:13.000,IO2508-P-3550,1.6,1.4,1.8
2025-08-01,2025-08-01 10:20:13.500,IO2508-P-3550,1.6,1.4,1.8
2025-08-01,2025-08-01 10:20:14.000,IO2508-P-3550,1.6,1.4,1.8
2025-08-01,2025-08-01 10:20:14.500,IO2508-P-3550,1.6,1.4,1.8
2025-08-01,2025-08-01 10:20:15.000,IO2508-P-3550,1.6,1.4,1.8
2025-08-01,2025-08-01 10:20:15.500,IO2508-P-3550,1.6,1.4,1.8
2025-08-01,2025-08-01 10:20:16.000,IO2508-P-3550,1.6,1.4,1.8
2025-08-01,2025-08-01 10:20:16.500,IO2508-P-3550,1.6,1.4,1.8
2025-08-01,2025-08-01 10:20:17.000,IO2508-P-3550,1.6,1.4,1.8
2025-08-01,2025-08-01 10:20:17.500,IO2508-P-3550,1.6,1.4,1.8
2025-08-01,2025-08-01 10:20:18.000,IO2508-P-3550,1.6,1.4,1.8
2025-08-01,2025-08-01 10:20:18.500,IO2508-P-3550,1.6,1.4,1.8
2025-08-01,2025-08-01 10:20:19.000,IO2508-P-3550,1.6,1.4,1.8
2025-08-01,2025-08-01 10:20:19.500,IO2508-P-3550,1.6,1.4,1.8
2025-08-01,2025-08-01 10:20:20.000,IO2508-P-3550,1.6,1.4,1.8
2025-08-01,2025-08-01 10:20:20.500,IO2508-P-3550,1.6,1.4,1.8
2025-08-01,2025-08-01 10:20:21.000,IO2508-P-3550,1.6,1.4,1.8
2025-08-01,2025-08-01 10:20:21.500,IO2508-P-3550,1.6,1.4,1.8
2025-08-01,2025-08-01 10:20:22.000,IO2508-P-3550,1.6,1.4,1.8
2025-08-01,2025-08-01 10:20:22.500,IO2508-P-3550,1.6,1.4,1.8
2025-08-01,2025-08-01 10:20:23.000,IO2508-P-3550,1.6,1.4,1.8
2025-08-01,2025-08-01 10:20:23.500,IO2508-P-3550,1.6,1.4,1.8
2025-08-01,2025-08-01 10:20:24.000,IO2508-P-3550,1.6,1.4,1.8
2025-08-01,2025-08-01 10:20:24.500,IO2508-P-3550,1.6,1.4,1.8
2025-08-01,2025-08-01 10:20:25.000,IO2508-P-3550,1.6,1.4,1.8
2025-08-01,2025-08-01 10:20:25.500,IO2508-P-3550,1.6,1.4,1.8
2025-08-01,2025-08-01 10:20:26.000,IO2508-P-3550,1.6,1.4,1.8
2025-08-01,2025-08-01 10:20:26.500,IO2508-P-3550,1.6,1.4,1.8
2025-08-01,2025-08-01 10:20:27.000,IO2508-P-3550,1.6,1.4,1.8
2025-08-01,2025-08-01 10:20:27.500,IO2508-P-3550,1.6,1.4,1.8
2025-08-01,2025-08-01 10:20:28.000,IO2508-P-3550,1.6,1.4,1.8
2025-08-01,2025-08-01 10:20:28.500,IO2508-P-3550,1.6,1.4,1.8
2025-08-01,2025-08-01 10:20:29.000,IO2508-P-3550,1.6,1.4,1.8
2025-08-01,2025-08-01 10:20:29.500,IO2508-P-3550,1.6,1.4,1.8
2025-08-01,2025-08-01 10:20:30.000,IO2508-P-3550,1.6,1.4,1.8
2025-08-01,2025-08-01 10:20:30.500,IO2508-P-3550,1.6,1.4,1.8
2025-08-01,2025-08-01 10:20:31.000,IO2508-P-3550,1.6,1.4,1.8
2025-08-01,2025-08-01 10:20:31.500,IO2508-P-3550,1.6,1.4,1.8
2025-08-01,2025-08-01 10:20:32.000,IO2508-P-3550,1.6,1.4,1.8
2025-08-01,2025-08-01 10:20:32.500,IO2508-P-3550,1.6,1.4,1.8
2025-08-01,2025-08-01 10:20:33.000,IO2508-P-3550,1.6,1.4,1.8
2025-08-01,2025-08-01 10:20:33.500,IO2508-P-3550,1.6,1.4,1.8
2025-08-01,2025-08-01 10:20:34.000,IO2508-P-3550,1.6,1.4,1.8
2025-08-01,2025-08-01 10:20:34.500,IO2508-P-3550,1.6,1.4,1.8
2025-08-01,2025-08-01 10:20:35.000,IO2508-P-3550,1.6,1.4,1.8
2025-08-01,2025-08-01 10:20:35.500,IO2508-P-3550,1.6,1.4,1.8
2025-08-01,2025-08-01 10:20:36.000,IO2508-P-3550,1.6,1.4,1.8
2025-08-01,2025-08-01 10:20:36.500,IO2508-P-3550,1.6,1.4,1.8
2025-08-01,2025-08-01 10:20:37.000,IO2508-P-3550,1.6,1.4,1.8
2025-08-01,2025-08-01 10:20:37.500,IO2508-P-3550,1.6,1.4,1.8
2025-08-01,2025-08-01 10:20:38.000,IO2508-P-3550,1.6,1.4,1.8
2025-08-01,2025-08-01 10:20:38.500,IO2508-P-3550,1.6,1.4,1.8
2025-08-01,2025-08-01 10:20:39.000,IO2508-P-3550,1.6,1.4,1.8
2025-08-01,2025-08-01 10:20:39.500,IO2508-P-3550,1.6,1.4,1.8
2025-08-01,2025-08-01 10:20:40.000,IO2508-P-3550,1.6,1.4,1.8
2025-08-01,2025-08-01 10:20:40.500,IO2508-P-3550,1.6,1.4,1.8
2025-08-01,2025-08-01 10:20:41.000,IO2508-P-3550,1.6,1.4,1.8
2025-08-01,2025-08-01 10:20:41.500,IO2508-P-3550,1.6,1.4,1.8
2025-08-01,2025-08-01 10:20:42.000,IO2508-P-3550,1.6,1.4,1.8
2025-08-01,2025-08-01 10:20:42.500,IO2508-P-3550,1.6,1.4,1.8
2025-08-01,2025-08-01 10:20:43.000,IO2508-P-3550,1.6,1.4,1.8
2025-08-01,2025-08-01 10:20:43.500,IO2508-P-3550,1.6,1.4,1.8
2025-08-01,2025-08-01 10:20:44.000,IO2508-P-3550,1.6,1.4,1.8
2025-08-01,2025-08-01 10:20:44.500,IO2508-P-3550,1.6,1.4,1.8
2025-08-01,2025-08-01 10:20:45.000,IO2508-P-3550,1.6,1.4,1.8
2025-08-01,2025-08-01 10:20:45.500,IO2508-P-3550,1.6,1.4,1.8
2025-08-01,2025-08-01 10:20:46.000,IO2508-P-3550,1.6,1.4,1.8
2025-08-01,2025-08-01 10:20:46.500,IO2508-P-3550,1.6,1.4,1.8
2025-08-01,2025-08-01 10:20:47.000,IO2508-P-3550,1.6,1.4,1.8
2025-08-01,2025-08-01 10:20:47.500,IO2508-P-3550,1.6,1.4,1.8
2025-08-01,2025-08-01 10:20:48.000,IO2508-P-3550,1.6,1.4,1.8
2025-08-01,2025-08-01 10:20:48.500,IO2508-P-3550,1.6,1.4,1.8
2025-08-01,2025-08-01 10:20:49.000,IO2508-P-3550,1.6,1.4,1.8
2025-08-01,2025-08-01 10:20:50.000,IO2508-P-3550,1.6,1.4,1.8
2025-08-01,2025-08-01 10:20:50.500,IO2508-P-3550,1.6,1.4,1.8
2025-08-01,2025-08-01 10:20:51.000,IO2508-P-3550,1.6,1.4,1.8
2025-08-01,2025-08-01 10:20:51.500,IO2508-P-3550,1.6,1.4,1.8
2025-08-01,2025-08-01 10:20:52.000,IO2508-P-3550,1.6,1.4,1.8
2025-08-01,2025-08-01 10:20:55.500,IO2508-P-3550,1.6,1.4,1.8
2025-08-01,2025-08-01 10:20:56.000,IO2508-P-3550,1.6,1.4,1.8
2025-08-01,2025-08-01 10:20:56.500,IO2508-P-3550,1.6,1.4,1.8
2025-08-01,2025-08-01 10:20:57.000,IO2508-P-3550,1.6,1.4,1.8
2025-08-01,2025-08-01 10:20:57.500,IO2508-P-3550,1.6,1.4,1.8
2025-08-01,2025-08-01 10:20:58.000,IO2508-P-3550,1.6,1.4,1.8
2025-08-01,2025-08-01 10:20:58.500,IO2508-P-3550,1.6,1.4,1.8
2025-08-01,2025-08-01 10:20:59.000,IO2508-P-3550,1.6,1.4,1.8
2025-08-01,2025-08-01 10:20:59.500,IO2508-P-3550,1.6,1.4,1.8
2025-08-01,2025-08-01 10:21:00.000,IO2508-P-3550,1.6,1.4,1.8
2025-08-01,2025-08-01 10:21:00.500,IO2508-P-3550,1.6,1.4,1.8
2025-08-01,2025-08-01 10:21:01.000,IO2508-P-3550,1.6,1.4,1.8
2025-08-01,2025-08-01 10:21:01.500,IO2508-P-3550,1.6,1.4,1.8
2025-08-01,2025-08-01 10:21:02.000,IO2508-P-3550,1.6,1.4,1.8
2025-08-01,2025-08-01 10:21:02.500,IO2508-P-3550,1.6,1.4,1.8
2025-08-01,2025-08-01 10:21:03.000,IO2508-P-3550,1.6,1.4,1.8
2025-08-01,2025-08-01 10:21:03.500,IO2508-P-3550,1.6,1.4,1.8
2025-08-01,2025-08-01 10:21:04.000,IO2508-P-3550,1.6,1.4,1.8
2025-08-01,2025-08-01 10:21:04.500,IO2508-P-3550,1.6,1.4,1.8
2025-08-01,2025-08-01 10:21:05.000,IO2508-P-3550,1.6,1.4,1.8
2025-08-01,2025-08-01 10:21:05.500,IO2508-P-3550,1.6,1.4,1.8
2025-08-01,2025-08-01 10:21:06.000,IO2508-P-3550,1.6,1.4,1.8
2025-08-01,2025-08-01 10:21:06.500,IO2508-P-3550,1.6,1.4,1.8
2025-08-01,2025-08-01 10:21:07.000,IO2508-P-3550,1.6,1.4,1.8
2025-08-01,2025-08-01 10:21:07.500,IO2508-P-3550,1.6,1.4,1.8
2025-08-01,2025-08-01 10:21:08.000,IO2508-P-3550,1.6,1.4,1.8
2025-08-01,2025-08-01 10:21:08.500,IO2508-P-3550,1.6,1.4,1.8
2025-08-01,2025-08-01 10:21:09.000,IO2508-P-3550,1.6,1.4,1.8
2025-08-01,2025-08-01 10:21:09.500,IO2508-P-3550,1.6,1.4,1.8
2025-08-01,2025-08-01 10:21:10.000,IO2508-P-3550,1.6,1.4,1.8
2025-08-01,2025-08-01 10:21:10.500,IO2508-P-3550,1.6,1.4,1.8
2025-08-01,2025-08-01 10:21:11.000,IO2508-P-3550,1.6,1.4,1.8
2025-08-01,2025-08-01 10:21:11.500,IO2508-P-3550,1.6,1.4,1.8
2025-08-01,2025-08-01 10:21:12.000,IO2508-P-3550,1.6,1.4,1.8
2025-08-01,2025-08-01 10:21:12.500,IO2508-P-3550,1.6,1.4,1.8
2025-08-01,2025-08-01 10:21:13.000,IO2508-P-3550,1.6,1.4,1.8
2025-08-01,2025-08-01 10:21:15.500,IO2508-P-3550,1.6,1.4,1.8
2025-08-01,2025-08-01 10:21:16.000,IO2508-P-3550,1.6,1.4,1.8
2025-08-01,2025-08-01 10:21:16.500,IO2508-P-3550,1.6,1.4,1.8
2025-08-01,2025-08-01 10:21:20.000,IO2508-P-3550,1.6,1.4,1.8
2025-08-01,2025-08-01 10:21:20.500,IO2508-P-3550,1.6,1.4,1.8
2025-08-01,2025-08-01 10:21:21.000,IO2508-P-3550,1.6,1.4,1.8
2025-08-01,2025-08-01 10:21:21.500,IO2508-P-3550,1.6,1.4,1.8
2025-08-01,2025-08-01 10:21:22.000,IO2508-P-3550,1.6,1.4,1.8
2025-08-01,2025-08-01 10:21:22.500,IO2508-P-3550,1.6,1.4,1.8
2025-08-01,2025-08-01 10:21:23.000,IO2508-P-3550,1.6,1.4,1.8
2025-08-01,2025-08-01 10:21:23.500,IO2508-P-3550,1.6,1.4,1.8
2025-08-01,2025-08-01 10:21:24.000,IO2508-P-3550,1.6,1.4,1.8
2025-08-01,2025-08-01 10:21:24.500,IO2508-P-3550,1.6,1.4,1.8
2025-08-01,2025-08-01 10:21:25.000,IO2508-P-3550,1.6,1.4,1.8
2025-08-01,2025-08-01 10:21:25.500,IO2508-P-3550,1.6,1.4,1.8
2025-08-01,2025-08-01 10:21:26.000,IO2508-P-3550,1.6,1.4,1.8
2025-08-01,2025-08-01 10:21:26.500,IO2508-P-3550,1.6,1.4,1.8
2025-08-01,2025-08-01 10:21:27.000,IO2508-P-3550,1.6,1.4,1.8
2025-08-01,2025-08-01 10:21:36.500,IO2508-P-3550,1.6,1.4,1.8
2025-08-01,2025-08-01 10:21:37.000,IO2508-P-3550,1.6,1.4,1.8
2025-08-01,2025-08-01 10:21:41.000,IO2508-P-3550,1.6,1.4,1.8
2025-08-01,2025-08-01 10:21:41.500,IO2508-P-3550,1.6,1.4,1.8
2025-08-01,2025-08-01 10:21:42.000,IO2508-P-3550,1.6,1.4,1.8
2025-08-01,2025-08-01 10:21:42.500,IO2508-P-3550,1.6,1.4,1.8
2025-08-01,2025-08-01 10:21:43.000,IO2508-P-3550,1.6,1.4,1.8
2025-08-01,2025-08-01 10:21:44.500,IO2508-P-3550,1.6,1.4,1.8
2025-08-01,2025-08-01 10:21:45.000,IO2508-P-3550,1.6,1.4,1.8
2025-08-01,2025-08-01 10:21:45.500,IO2508-P-3550,1.6,1.4,1.8
2025-08-01,2025-08-01 10:21:46.000,IO2508-P-3550,1.6,1.4,1.8
2025-08-01,2025-08-01 10:21:46.500,IO2508-P-3550,1.6,1.4,1.8
2025-08-01,2025-08-01 10:21:47.000,IO2508-P-3550,1.6,1.4,1.8
2025-08-01,2025-08-01 10:21:47.500,IO2508-P-3550,1.6,1.4,1.8
2025-08-01,2025-08-01 10:21:49.000,IO2508-P-3550,1.6,1.4,1.8
2025-08-01,2025-08-01 10:21:49.500,IO2508-P-3550,1.6,1.4,1.8
2025-08-01,2025-08-01 10:21:50.000,IO2508-P-3550,1.6,1.4,1.8
2025-08-01,2025-08-01 10:21:50.500,IO2508-P-3550,1.6,1.4,1.8
2025-08-01,2025-08-01 10:21:51.000,IO2508-P-3550,1.6,1.4,1.8
2025-08-01,2025-08-01 10:21:51.500,IO2508-P-3550,1.6,1.4,1.8
2025-08-01,2025-08-01 10:21:52.000,IO2508-P-3550,1.6,1.4,1.8
2025-08-01,2025-08-01 10:21:52.500,IO2508-P-3550,1.6,1.4,1.8
2025-08-01,2025-08-01 10:21:53.000,IO2508-P-3550,1.6,1.4,1.8
2025-08-01,2025-08-01 10:21:53.500,IO2508-P-3550,1.6,1.4,1.8
2025-08-01,2025-08-01 10:21:54.000,IO2508-P-3550,1.6,1.4,1.8
2025-08-01,2025-08-01 10:21:54.500,IO2508-P-3550,1.6,1.4,1.8
2025-08-01,2025-08-01 10:21:55.000,IO2508-P-3550,1.6,1.4,1.8
2025-08-01,2025-08-01 10:21:55.500,IO2508-P-3550,1.6,1.4,1.8
2025-08-01,2025-08-01 10:21:56.000,IO2508-P-3550,1.6,1.4,1.8
2025-08-01,2025-08-01 10:21:56.500,IO2508-P-3550,1.6,1.4,1.8
2025-08-01,2025-08-01 10:21:57.000,IO2508-P-3550,1.6,1.4,1.8
2025-08-01,2025-08-01 10:21:57.500,IO2508-P-3550,1.6,1.4,1.8
2025-08-01,2025-08-01 10:21:58.000,IO2508-P-3550,1.6,1.4,1.8
2025-08-01,2025-08-01 10:21:58.500,IO2508-P-3550,1.6,1.4,1.8
2025-08-01,2025-08-01 10:21:59.000,IO2508-P-3550,1.6,1.4,1.8
2025-08-01,2025-08-01 10:21:59.500,IO2508-P-3550,1.6,1.4,1.8
2025-08-01,2025-08-01 10:22:00.000,IO2508-P-3550,1.6,1.4,1.8
2025-08-01,2025-08-01 10:22:04.000,IO2508-P-3550,1.6,1.4,1.8
2025-08-01,2025-08-01 10:22:04.500,IO2508-P-3550,1.6,1.4,1.8
2025-08-01,2025-08-01 10:22:05.000,IO2508-P-3550,1.6,1.4,1.8
2025-08-01,2025-08-01 10:22:05.500,IO2508-P-3550,1.6,1.4,1.8
2025-08-01,2025-08-01 10:22:06.000,IO2508-P-3550,1.6,1.4,1.8
2025-08-01,2025-08-01 10:22:06.500,IO2508-P-3550,1.6,1.4,1.8
2025-08-01,2025-08-01 10:22:07.000,IO2508-P-3550,1.6,1.4,1.8
2025-08-01,2025-08-01 10:22:07.500,IO2508-P-3550,1.6,1.4,1.8
2025-08-01,2025-08-01 10:22:08.000,IO2508-P-3550,1.6,1.4,1.8
2025-08-01,2025-08-01 10:22:08.500,IO2508-P-3550,1.6,1.4,1.8
2025-08-01,2025-08-01 10:22:09.000,IO2508-P-3550,1.6,1.4,1.8
2025-08-01,2025-08-01 10:22:09.500,IO2508-P-3550,1.6,1.4,1.8
2025-08-01,2025-08-01 10:22:10.000,IO2508-P-3550,1.6,1.4,1.8
2025-08-01,2025-08-01 10:22:10.500,IO2508-P-3550,1.6,1.4,1.8
2025-08-01,2025-08-01 10:22:11.000,IO2508-P-3550,1.6,1.4,1.8
2025-08-01,2025-08-01 10:22:11.500,IO2508-P-3550,1.6,1.4,1.8
2025-08-01,2025-08-01 10:22:12.000,IO2508-P-3550,1.6,1.4,1.8
2025-08-01,2025-08-01 10:22:12.500,IO2508-P-3550,1.6,1.4,1.8
2025-08-01,2025-08-01 10:22:13.000,IO2508-P-3550,1.6,1.4,1.8
2025-08-01,2025-08-01 10:22:13.500,IO2508-P-3550,1.6,1.4,1.8
2025-08-01,2025-08-01 10:22:14.000,IO2508-P-3550,1.6,1.4,1.8
2025-08-01,2025-08-01 10:22:14.500,IO2508-P-3550,1.6,1.4,1.8
2025-08-01,2025-08-01 10:22:15.000,IO2508-P-3550,1.6,1.4,1.8
2025-08-01,2025-08-01 10:22:15.500,IO2508-P-3550,1.6,1.4,1.8
2025-08-01,2025-08-01 10:22:16.000,IO2508-P-3550,1.6,1.4,1.8
2025-08-01,2025-08-01 10:22:16.500,IO2508-P-3550,1.6,1.4,1.8
2025-08-01,2025-08-01 10:22:17.000,IO2508-P-3550,1.6,1.4,1.8
2025-08-01,2025-08-01 10:22:17.500,IO2508-P-3550,1.6,1.4,1.8
2025-08-01,2025-08-01 10:22:18.000,IO2508-P-3550,1.6,1.4,1.8
2025-08-01,2025-08-01 10:22:18.500,IO2508-P-3550,1.6,1.4,1.8
2025-08-01,2025-08-01 10:22:19.000,IO2508-P-3550,1.6,1.4,1.8
2025-08-01,2025-08-01 10:22:19.500,IO2508-P-3550,1.6,1.4,1.8
2025-08-01,2025-08-01 10:22:20.000,IO2508-P-3550,1.6,1.4,1.8
2025-08-01,2025-08-01 10:22:20.500,IO2508-P-3550,1.6,1.4,1.8
2025-08-01,2025-08-01 10:22:21.000,IO2508-P-3550,1.6,1.4,1.8
2025-08-01,2025-08-01 10:22:21.500,IO2508-P-3550,1.6,1.4,1.8
2025-08-01,2025-08-01 10:22:22.000,IO2508-P-3550,1.6,1.4,1.8
2025-08-01,2025-08-01 10:22:22.500,IO2508-P-3550,1.6,1.4,1.8
2025-08-01,2025-08-01 10:22:23.000,IO2508-P-3550,1.6,1.4,1.8
2025-08-01,2025-08-01 10:22:23.500,IO2508-P-3550,1.6,1.4,1.8
2025-08-01,2025-08-01 10:22:24.000,IO2508-P-3550,1.6,1.4,1.8
2025-08-01,2025-08-01 10:22:24.500,IO2508-P-3550,1.6,1.4,1.8
2025-08-01,2025-08-01 10:22:25.000,IO2508-P-3550,1.6,1.4,1.8
2025-08-01,2025-08-01 10:22:25.500,IO2508-P-3550,1.6,1.4,1.8
2025-08-01,2025-08-01 10:22:26.000,IO2508-P-3550,1.6,1.4,1.8
2025-08-01,2025-08-01 10:22:26.500,IO2508-P-3550,1.6,1.4,1.8
2025-08-01,2025-08-01 10:22:27.000,IO2508-P-3550,1.6,1.4,1.8
2025-08-01,2025-08-01 10:22:27.500,IO2508-P-3550,1.6,1.4,1.8
2025-08-01,2025-08-01 10:22:28.000,IO2508-P-3550,1.6,1.4,1.8
2025-08-01,2025-08-01 10:22:28.500,IO2508-P-3550,1.6,1.4,1.8
2025-08-01,2025-08-01 10:22:29.000,IO2508-P-3550,1.6,1.4,1.8
2025-08-01,2025-08-01 10:22:30.000,IO2508-P-3550,1.6,1.4,1.8
2025-08-01,2025-08-01 10:22:30.500,IO2508-P-3550,1.6,1.4,1.8
2025-08-01,2025-08-01 10:22:31.000,IO2508-P-3550,1.6,1.4,1.8
2025-08-01,2025-08-01 10:22:31.500,IO2508-P-3550,1.6,1.4,1.8
2025-08-01,2025-08-01 10:22:32.000,IO2508-P-3550,1.6,1.4,1.8
2025-08-01,2025-08-01 10:22:36.500,IO2508-P-3550,1.6,1.4,1.8
2025-08-01,2025-08-01 10:22:37.000,IO2508-P-3550,1.6,1.4,1.8
2025-08-01,2025-08-01 10:22:47.000,IO2508-P-3550,1.6,1.4,1.8
2025-08-01,2025-08-01 10:22:47.500,IO2508-P-3550,1.6,1.4,1.8
2025-08-01,2025-08-01 10:22:48.000,IO2508-P-3550,1.6,1.4,1.8
2025-08-01,2025-08-01 10:22:48.500,IO2508-P-3550,1.6,1.4,1.8
2025-08-01,2025-08-01 10:22:49.000,IO2508-P-3550,1.6,1.4,1.8
2025-08-01,2025-08-01 10:22:49.500,IO2508-P-3550,1.6,1.4,1.8
2025-08-01,2025-08-01 10:22:50.000,IO2508-P-3550,1.6,1.4,1.8
2025-08-01,2025-08-01 10:22:50.500,IO2508-P-3550,1.6,1.4,1.8
2025-08-01,2025-08-01 10:22:51.000,IO2508-P-3550,1.6,1.4,1.8
2025-08-01,2025-08-01 10:22:51.500,IO2508-P-3550,1.6,1.4,1.8
2025-08-01,2025-08-01 10:22:52.000,IO2508-P-3550,1.6,1.4,1.8
2025-08-01,2025-08-01 10:22:52.500,IO2508-P-3550,1.6,1.4,1.8
2025-08-01,2025-08-01 10:22:53.000,IO2508-P-3550,1.6,1.4,1.8
2025-08-01,2025-08-01 10:22:53.500,IO2508-P-3550,1.6,1.4,1.8
2025-08-01,2025-08-01 10:22:54.000,IO2508-P-3550,1.6,1.4,1.8
2025-08-01,2025-08-01 10:22:54.500,IO2508-P-3550,1.6,1.4,1.8
2025-08-01,2025-08-01 10:22:55.000,IO2508-P-3550,1.6,1.4,1.8
2025-08-01,2025-08-01 10:22:55.500,IO2508-P-3550,1.6,1.4,1.8
2025-08-01,2025-08-01 10:22:56.000,IO2508-P-3550,1.6,1.4,1.8
2025-08-01,2025-08-01 10:22:56.500,IO2508-P-3550,1.6,1.4,1.8
2025-08-01,2025-08-01 10:22:57.000,IO2508-P-3550,1.6,1.4,1.8
2025-08-01,2025-08-01 10:22:57.500,IO2508-P-3550,1.6,1.4,1.8
2025-08-01,2025-08-01 10:22:58.000,IO2508-P-3550,1.6,1.4,1.8
2025-08-01,2025-08-01 10:22:58.500,IO2508-P-3550,1.6,1.4,1.8
2025-08-01,2025-08-01 10:22:59.000,IO2508-P-3550,1.6,1.4,1.8
2025-08-01,2025-08-01 10:22:59.500,IO2508-P-3550,1.6,1.4,1.8
2025-08-01,2025-08-01 10:23:00.000,IO2508-P-3550,1.6,1.4,1.8
2025-08-01,2025-08-01 10:23:00.500,IO2508-P-3550,1.6,1.4,1.8
2025-08-01,2025-08-01 10:23:01.000,IO2508-P-3550,1.6,1.4,1.8
2025-08-01,2025-08-01 10:23:01.500,IO2508-P-3550,1.6,1.4,1.8
2025-08-01,2025-08-01 10:23:02.000,IO2508-P-3550,1.6,1.4,1.8
2025-08-01,2025-08-01 10:23:02.500,IO2508-P-3550,1.6,1.4,1.8
2025-08-01,2025-08-01 10:23:03.000,IO2508-P-3550,1.6,1.4,1.8
2025-08-01,2025-08-01 10:23:03.500,IO2508-P-3550,1.6,1.4,1.8
2025-08-01,2025-08-01 10:23:04.000,IO2508-P-3550,1.6,1.4,1.8
2025-08-01,2025-08-01 10:23:04.500,IO2508-P-3550,1.6,1.4,1.8
2025-08-01,2025-08-01 10:23:05.000,IO2508-P-3550,1.6,1.4,1.8
2025-08-01,2025-08-01 10:23:05.500,IO2508-P-3550,1.6,1.4,1.8
2025-08-01,2025-08-01 10:23:06.000,IO2508-P-3550,1.6,1.4,1.8
2025-08-01,2025-08-01 10:23:06.500,IO2508-P-3550,1.6,1.4,1.8
2025-08-01,2025-08-01 10:23:07.000,IO2508-P-3550,1.6,1.4,1.8
2025-08-01,2025-08-01 10:23:11.500,IO2508-P-3550,1.6,1.4,1.8
2025-08-01,2025-08-01 10:23:12.000,IO2508-P-3550,1.6,1.4,1.8
2025-08-01,2025-08-01 10:23:12.500,IO2508-P-3550,1.6,1.4,1.8
2025-08-01,2025-08-01 10:23:13.000,IO2508-P-3550,1.6,1.4,1.8
2025-08-01,2025-08-01 10:23:13.500,IO2508-P-3550,1.6,1.4,1.8
2025-08-01,2025-08-01 10:23:14.000,IO2508-P-3550,1.6,1.4,1.8
2025-08-01,2025-08-01 10:23:14.500,IO2508-P-3550,1.6,1.4,1.8
2025-08-01,2025-08-01 10:23:15.000,IO2508-P-3550,1.6,1.4,1.8
2025-08-01,2025-08-01 10:23:15.500,IO2508-P-3550,1.6,1.4,1.8
2025-08-01,2025-08-01 10:23:16.000,IO2508-P-3550,1.6,1.4,1.8
2025-08-01,2025-08-01 10:23:16.500,IO2508-P-3550,1.6,1.4,1.8
2025-08-01,2025-08-01 10:23:17.000,IO2508-P-3550,1.6,1.4,1.8
2025-08-01,2025-08-01 10:23:17.500,IO2508-P-3550,1.6,1.4,1.8
2025-08-01,2025-08-01 10:23:18.000,IO2508-P-3550,1.6,1.4,1.8
2025-08-01,2025-08-01 10:23:18.500,IO2508-P-3550,1.6,1.4,1.8
2025-08-01,2025-08-01 10:23:19.000,IO2508-P-3550,1.6,1.4,1.8
2025-08-01,2025-08-01 10:23:19.500,IO2508-P-3550,1.6,1.4,1.8
2025-08-01,2025-08-01 10:23:20.000,IO2508-P-3550,1.6,1.4,1.8
2025-08-01,2025-08-01 10:23:20.500,IO2508-P-3550,1.6,1.4,1.8
2025-08-01,2025-08-01 10:23:21.000,IO2508-P-3550,1.6,1.4,1.8
2025-08-01,2025-08-01 10:23:21.500,IO2508-P-3550,1.6,1.4,1.8
2025-08-01,2025-08-01 10:23:22.000,IO2508-P-3550,1.6,1.4,1.8
2025-08-01,2025-08-01 10:23:22.500,IO2508-P-3550,1.6,1.4,1.8
2025-08-01,2025-08-01 10:23:23.000,IO2508-P-3550,1.6,1.4,1.8
2025-08-01,2025-08-01 10:23:23.500,IO2508-P-3550,1.6,1.4,1.8
2025-08-01,2025-08-01 10:23:24.000,IO2508-P-3550,1.6,1.4,1.8
2025-08-01,2025-08-01 10:23:24.500,IO2508-P-3550,1.6,1.4,1.8
2025-08-01,2025-08-01 10:23:25.000,IO2508-P-3550,1.6,1.4,1.8
2025-08-01,2025-08-01 10:23:25.500,IO2508-P-3550,1.6,1.4,1.8
2025-08-01,2025-08-01 10:23:26.000,IO2508-P-3550,1.6,1.4,1.8
2025-08-01,2025-08-01 10:23:26.500,IO2508-P-3550,1.6,1.4,1.8
2025-08-01,2025-08-01 10:23:27.000,IO2508-P-3550,1.6,1.4,1.8
2025-08-01,2025-08-01 10:23:27.500,IO2508-P-3550,1.6,1.4,1.8
2025-08-01,2025-08-01 10:23:28.000,IO2508-P-3550,1.6,1.4,1.8
2025-08-01,2025-08-01 10:23:28.500,IO2508-P-3550,1.6,1.4,1.8
2025-08-01,2025-08-01 10:23:29.000,IO2508-P-3550,1.6,1.4,1.8
2025-08-01,2025-08-01 10:23:29.500,IO2508-P-3550,1.6,1.4,1.8
2025-08-01,2025-08-01 10:23:30.000,IO2508-P-3550,1.6,1.4,1.8
2025-08-01,2025-08-01 10:23:30.500,IO2508-P-3550,1.6,1.4,1.8
2025-08-01,2025-08-01 10:23:31.000,IO2508-P-3550,1.6,1.4,1.8
2025-08-01,2025-08-01 10:23:31.500,IO2508-P-3550,1.6,1.4,1.8
2025-08-01,2025-08-01 10:23:32.000,IO2508-P-3550,1.6,1.4,1.8
2025-08-01,2025-08-01 10:23:32.500,IO2508-P-3550,1.6,1.4,1.8
2025-08-01,2025-08-01 10:23:33.000,IO2508-P-3550,1.6,1.4,1.8
2025-08-01,2025-08-01 10:23:33.500,IO2508-P-3550,1.6,1.4,1.8
2025-08-01,2025-08-01 10:23:34.000,IO2508-P-3550,1.6,1.4,1.8
2025-08-01,2025-08-01 10:23:34.500,IO2508-P-3550,1.6,1.4,1.8
2025-08-01,2025-08-01 10:23:35.000,IO2508-P-3550,1.6,1.4,1.8
2025-08-01,2025-08-01 10:23:35.500,IO2508-P-3550,1.6,1.4,1.8
2025-08-01,2025-08-01 10:23:36.000,IO2508-P-3550,1.6,1.4,1.8
2025-08-01,2025-08-01 10:23:36.500,IO2508-P-3550,1.6,1.4,1.8
2025-08-01,2025-08-01 10:23:37.000,IO2508-P-3550,1.6,1.4,1.8
2025-08-01,2025-08-01 10:23:37.500,IO2508-P-3550,1.6,1.4,1.8
2025-08-01,2025-08-01 10:23:48.500,IO2508-P-3550,1.6,1.4,1.8
2025-08-01,2025-08-01 10:24:06.500,IO2508-P-3550,1.6,1.4,1.8
2025-08-01,2025-08-01 10:24:07.000,IO2508-P-3550,1.6,1.4,1.8
2025-08-01,2025-08-01 10:24:22.000,IO2508-P-3550,1.6,1.4,1.8
2025-08-01,2025-08-01 10:24:25.000,IO2508-P-3550,1.6,1.4,1.6
2025-08-01,2025-08-01 10:24:25.500,IO2508-P-3550,1.6,1.4,1.6
2025-08-01,2025-08-01 10:24:26.000,IO2508-P-3550,1.6,1.4,1.6
2025-08-01,2025-08-01 10:24:36.500,IO2508-P-3550,1.6,1.4,1.6
2025-08-01,2025-08-01 10:24:37.000,IO2508-P-3550,1.6,1.4,1.6
2025-08-01,2025-08-01 10:24:40.000,IO2508-P-3550,1.6,1.4,1.6
2025-08-01,2025-08-01 10:24:42.000,IO2508-P-3550,1.6,1.4,1.6
2025-08-01,2025-08-01 10:25:06.500,IO2508-P-3550,1.6,1.4,1.6
2025-08-01,2025-08-01 10:25:07.000,IO2508-P-3550,1.6,1.4,1.6
2025-08-01,2025-08-01 10:25:10.500,IO2508-P-3550,1.6,1.4,1.6
2025-08-01,2025-08-01 10:25:36.500,IO2508-P-3550,1.6,1.4,1.6
2025-08-01,2025-08-01 10:25:37.000,IO2508-P-3550,1.6,1.4,1.6
2025-08-01,2025-08-01 10:26:06.500,IO2508-P-3550,1.6,1.4,1.6
2025-08-01,2025-08-01 10:26:07.000,IO2508-P-3550,1.6,1.4,1.6
2025-08-01,2025-08-01 10:26:36.500,IO2508-P-3550,1.6,1.4,1.6
2025-08-01,2025-08-01 10:26:37.000,IO2508-P-3550,1.6,1.4,1.6
2025-08-01,2025-08-01 10:27:06.500,IO2508-P-3550,1.6,1.4,1.6
2025-08-01,2025-08-01 10:27:07.000,IO2508-P-3550,1.6,1.4,1.6
2025-08-01,2025-08-01 10:27:36.500,IO2508-P-3550,1.6,1.4,1.6
2025-08-01,2025-08-01 10:27:37.000,IO2508-P-3550,1.6,1.4,1.6
2025-08-01,2025-08-01 10:28:06.500,IO2508-P-3550,1.6,1.4,1.6
2025-08-01,2025-08-01 10:28:07.000,IO2508-P-3550,1.6,1.4,1.6
2025-08-01,2025-08-01 10:28:25.500,IO2508-P-3550,1.6,1.4,1.6
2025-08-01,2025-08-01 10:28:26.000,IO2508-P-3550,1.6,1.4,1.6
2025-08-01,2025-08-01 10:28:36.500,IO2508-P-3550,1.6,1.4,1.6
2025-08-01,2025-08-01 10:28:37.000,IO2508-P-3550,1.6,1.4,1.6
2025-08-01,2025-08-01 10:29:00.000,IO2508-P-3550,1.6,1.4,1.6
2025-08-01,2025-08-01 10:29:06.500,IO2508-P-3550,1.6,1.4,1.6
2025-08-01,2025-08-01 10:29:07.000,IO2508-P-3550,1.6,1.4,1.6
2025-08-01,2025-08-01 10:29:14.500,IO2508-P-3550,1.6,1.4,1.6
2025-08-01,2025-08-01 10:29:36.500,IO2508-P-3550,1.6,1.4,1.6
2025-08-01,2025-08-01 10:29:37.000,IO2508-P-3550,1.6,1.4,1.6
2025-08-01,2025-08-01 10:29:41.000,IO2508-P-3550,1.6,1.4,1.6
2025-08-01,2025-08-01 10:30:06.500,IO2508-P-3550,1.6,1.4,1.6
2025-08-01,2025-08-01 10:30:07.000,IO2508-P-3550,1.6,1.4,1.6
2025-08-01,2025-08-01 10:30:36.500,IO2508-P-3550,1.6,1.4,1.6
2025-08-01,2025-08-01 10:30:37.000,IO2508-P-3550,1.6,1.4,1.6
2025-08-01,2025-08-01 10:31:06.500,IO2508-P-3550,1.6,1.4,1.6
2025-08-01,2025-08-01 10:31:07.000,IO2508-P-3550,1.6,1.4,1.6
2025-08-01,2025-08-01 10:31:36.500,IO2508-P-3550,1.6,1.4,1.6
2025-08-01,2025-08-01 10:31:37.000,IO2508-P-3550,1.6,1.4,1.6
2025-08-01,2025-08-01 10:31:38.500,IO2508-P-3550,1.6,1.4,1.6
2025-08-01,2025-08-01 10:32:06.500,IO2508-P-3550,1.6,1.4,1.6
2025-08-01,2025-08-01 10:32:07.000,IO2508-P-3550,1.6,1.4,1.6
2025-08-01,2025-08-01 10:32:36.500,IO2508-P-3550,1.6,1.4,1.6
2025-08-01,2025-08-01 10:32:37.000,IO2508-P-3550,1.6,1.4,1.6
2025-08-01,2025-08-01 10:33:06.500,IO2508-P-3550,1.6,1.4,1.6
2025-08-01,2025-08-01 10:33:07.000,IO2508-P-3550,1.6,1.4,1.6
2025-08-01,2025-08-01 10:33:10.500,IO2508-P-3550,1.6,1.4,1.6
2025-08-01,2025-08-01 10:33:36.500,IO2508-P-3550,1.6,1.4,1.6
2025-08-01,2025-08-01 10:33:37.000,IO2508-P-3550,1.6,1.4,1.6
2025-08-01,2025-08-01 10:34:06.500,IO2508-P-3550,1.6,1.4,1.6
2025-08-01,2025-08-01 10:34:07.000,IO2508-P-3550,1.6,1.4,1.6
2025-08-01,2025-08-01 10:34:16.000,IO2508-P-3550,1.6,1.4,1.6
2025-08-01,2025-08-01 10:34:36.500,IO2508-P-3550,1.6,1.4,1.6
2025-08-01,2025-08-01 10:34:37.000,IO2508-P-3550,1.6,1.4,1.6
2025-08-01,2025-08-01 10:35:06.500,IO2508-P-3550,1.6,1.4,1.6
2025-08-01,2025-08-01 10:35:07.000,IO2508-P-3550,1.6,1.4,1.6
2025-08-01,2025-08-01 10:35:36.500,IO2508-P-3550,1.6,1.4,1.6
2025-08-01,2025-08-01 10:35:37.000,IO2508-P-3550,1.6,1.4,1.6
2025-08-01,2025-08-01 10:35:38.000,IO2508-P-3550,1.6,1.4,1.6
2025-08-01,2025-08-01 10:36:06.500,IO2508-P-3550,1.6,1.4,1.6
2025-08-01,2025-08-01 10:36:07.000,IO2508-P-3550,1.6,1.4,1.6
2025-08-01,2025-08-01 10:36:11.000,IO2508-P-3550,1.6,1.4,1.6
2025-08-01,2025-08-01 10:36:11.500,IO2508-P-3550,1.6,1.4,1.6
2025-08-01,2025-08-01 10:36:20.000,IO2508-P-3550,1.6,1.4,1.6
2025-08-01,2025-08-01 10:36:36.500,IO2508-P-3550,1.6,1.4,1.6
2025-08-01,2025-08-01 10:36:37.000,IO2508-P-3550,1.6,1.4,1.6
2025-08-01,2025-08-01 10:36:41.500,IO2508-P-3550,1.6,1.4,1.6
2025-08-01,2025-08-01 10:37:06.500,IO2508-P-3550,1.6,1.4,1.6
2025-08-01,2025-08-01 10:37:07.000,IO2508-P-3550,1.6,1.4,1.6
2025-08-01,2025-08-01 10:37:08.000,IO2508-P-3550,1.6,1.4,1.6
2025-08-01,2025-08-01 10:37:36.500,IO2508-P-3550,1.6,1.4,1.6
2025-08-01,2025-08-01 10:37:37.000,IO2508-P-3550,1.6,1.4,1.6
2025-08-01,2025-08-01 10:37:40.500,IO2508-P-3550,1.6,1.4,1.6
2025-08-01,2025-08-01 10:38:06.500,IO2508-P-3550,1.6,1.4,1.6
2025-08-01,2025-08-01 10:38:07.000,IO2508-P-3550,1.6,1.4,1.6
2025-08-01,2025-08-01 10:38:36.500,IO2508-P-3550,1.6,1.4,1.6
2025-08-01,2025-08-01 10:38:37.000,IO2508-P-3550,1.6,1.4,1.6
2025-08-01,2025-08-01 10:38:38.500,IO2508-P-3550,1.6,1.4,1.6
2025-08-01,2025-08-01 10:39:06.500,IO2508-P-3550,1.6,1.4,1.6
2025-08-01,2025-08-01 10:39:07.000,IO2508-P-3550,1.6,1.4,1.6
2025-08-01,2025-08-01 10:39:36.500,IO2508-P-3550,1.6,1.4,1.6
2025-08-01,2025-08-01 10:39:37.000,IO2508-P-3550,1.6,1.4,1.6
2025-08-01,2025-08-01 10:39:45.500,IO2508-P-3550,1.6,1.4,1.6
2025-08-01,2025-08-01 10:40:06.500,IO2508-P-3550,1.6,1.4,1.6
2025-08-01,2025-08-01 10:40:07.000,IO2508-P-3550,1.6,1.4,1.6
2025-08-01,2025-08-01 10:40:07.500,IO2508-P-3550,1.6,1.4,1.6
2025-08-01,2025-08-01 10:40:36.500,IO2508-P-3550,1.6,1.4,1.6
2025-08-01,2025-08-01 10:40:37.000,IO2508-P-3550,1.6,1.4,1.6
2025-08-01,2025-08-01 10:40:58.000,IO2508-P-3550,1.6,1.4,1.6
2025-08-01,2025-08-01 10:40:58.500,IO2508-P-3550,1.6,1.4,1.6
2025-08-01,2025-08-01 10:40:59.000,IO2508-P-3550,1.6,1.4,1.6
2025-08-01,2025-08-01 10:41:06.500,IO2508-P-3550,1.6,1.4,1.6
2025-08-01,2025-08-01 10:41:07.000,IO2508-P-3550,1.6,1.4,1.6
2025-08-01,2025-08-01 10:41:12.500,IO2508-P-3550,1.6,1.4,1.6
2025-08-01,2025-08-01 10:41:36.500,IO2508-P-3550,1.6,1.4,1.6
2025-08-01,2025-08-01 10:41:37.000,IO2508-P-3550,1.6,1.4,1.6
2025-08-01,2025-08-01 10:42:06.500,IO2508-P-3550,1.6,1.4,1.6
2025-08-01,2025-08-01 10:42:07.000,IO2508-P-3550,1.6,1.4,1.6
2025-08-01,2025-08-01 10:42:36.500,IO2508-P-3550,1.6,1.4,1.6
2025-08-01,2025-08-01 10:42:37.000,IO2508-P-3550,1.6,1.4,1.6
2025-08-01,2025-08-01 10:43:06.500,IO2508-P-3550,1.6,1.4,1.6
2025-08-01,2025-08-01 10:43:07.000,IO2508-P-3550,1.6,1.4,1.6
2025-08-01,2025-08-01 10:43:36.500,IO2508-P-3550,1.6,1.4,1.6
2025-08-01,2025-08-01 10:43:37.000,IO2508-P-3550,1.6,1.4,1.6
2025-08-01,2025-08-01 10:44:06.500,IO2508-P-3550,1.6,1.4,1.6
2025-08-01,2025-08-01 10:44:07.000,IO2508-P-3550,1.6,1.4,1.6
2025-08-01,2025-08-01 10:44:36.500,IO2508-P-3550,1.6,1.4,1.6
2025-08-01,2025-08-01 10:44:37.000,IO2508-P-3550,1.6,1.4,1.6
2025-08-01,2025-08-01 10:45:06.500,IO2508-P-3550,1.6,1.4,1.6
2025-08-01,2025-08-01 10:45:07.000,IO2508-P-3550,1.6,1.4,1.6
2025-08-01,2025-08-01 10:45:36.500,IO2508-P-3550,1.6,1.4,1.6
2025-08-01,2025-08-01 10:45:37.000,IO2508-P-3550,1.6,1.4,1.6
2025-08-01,2025-08-01 10:46:06.500,IO2508-P-3550,1.6,1.4,1.6
2025-08-01,2025-08-01 10:46:07.000,IO2508-P-3550,1.6,1.4,1.6
2025-08-01,2025-08-01 10:46:36.500,IO2508-P-3550,1.6,1.4,1.6
2025-08-01,2025-08-01 10:46:37.000,IO2508-P-3550,1.6,1.4,1.6
2025-08-01,2025-08-01 10:47:06.500,IO2508-P-3550,1.6,1.4,1.6
2025-08-01,2025-08-01 10:47:07.000,IO2508-P-3550,1.6,1.4,1.6
2025-08-01,2025-08-01 10:47:07.500,IO2508-P-3550,1.6,1.4,1.6
2025-08-01,2025-08-01 10:47:10.500,IO2508-P-3550,1.6,1.4,1.6
2025-08-01,2025-08-01 10:47:36.500,IO2508-P-3550,1.6,1.4,1.6
2025-08-01,2025-08-01 10:47:37.000,IO2508-P-3550,1.6,1.4,1.6
2025-08-01,2025-08-01 10:47:39.500,IO2508-P-3550,1.6,1.4,1.6
2025-08-01,2025-08-01 10:47:45.000,IO2508-P-3550,1.6,1.4,1.6
2025-08-01,2025-08-01 10:47:45.500,IO2508-P-3550,1.6,1.4,1.6
2025-08-01,2025-08-01 10:47:53.000,IO2508-P-3550,1.6,1.4,1.6
2025-08-01,2025-08-01 10:48:06.500,IO2508-P-3550,1.6,1.4,1.6
2025-08-01,2025-08-01 10:48:07.000,IO2508-P-3550,1.6,1.4,1.6
2025-08-01,2025-08-01 10:48:07.500,IO2508-P-3550,1.6,1.4,1.6
2025-08-01,2025-08-01 10:48:12.500,IO2508-P-3550,1.6,1.4,1.6
2025-08-01,2025-08-01 10:48:36.500,IO2508-P-3550,1.6,1.4,1.6
2025-08-01,2025-08-01 10:48:37.000,IO2508-P-3550,1.6,1.4,1.6
2025-08-01,2025-08-01 10:48:37.500,IO2508-P-3550,1.6,1.4,1.6
2025-08-01,2025-08-01 10:48:38.000,IO2508-P-3550,1.6,1.4,1.6
2025-08-01,2025-08-01 10:49:06.500,IO2508-P-3550,1.6,1.4,1.6
2025-08-01,2025-08-01 10:49:07.000,IO2508-P-3550,1.6,1.4,1.6
2025-08-01,2025-08-01 10:49:20.000,IO2508-P-3550,1.6,1.4,1.6
2025-08-01,2025-08-01 10:49:20.500,IO2508-P-3550,1.6,1.4,1.6
2025-08-01,2025-08-01 10:49:36.500,IO2508-P-3550,1.6,1.4,1.6
2025-08-01,2025-08-01 10:49:37.000,IO2508-P-3550,1.6,1.4,1.6
2025-08-01,2025-08-01 10:49:50.500,IO2508-P-3550,1.6,1.4,1.6
2025-08-01,2025-08-01 10:50:06.500,IO2508-P-3550,1.6,1.4,1.6
2025-08-01,2025-08-01 10:50:07.000,IO2508-P-3550,1.6,1.4,1.6
2025-08-01,2025-08-01 10:50:26.500,IO2508-P-3550,1.6,1.4,1.6
2025-08-01,2025-08-01 10:50:36.500,IO2508-P-3550,1.6,1.4,1.6
2025-08-01,2025-08-01 10:50:37.000,IO2508-P-3550,1.6,1.4,1.6
2025-08-01,2025-08-01 10:51:06.500,IO2508-P-3550,1.6,1.4,1.6
2025-08-01,2025-08-01 10:51:07.000,IO2508-P-3550,1.6,1.4,1.6
2025-08-01,2025-08-01 10:51:36.500,IO2508-P-3550,1.6,1.4,1.6
2025-08-01,2025-08-01 10:51:37.000,IO2508-P-3550,1.6,1.4,1.6
2025-08-01,2025-08-01 10:52:06.500,IO2508-P-3550,1.6,1.4,1.6
2025-08-01,2025-08-01 10:52:07.000,IO2508-P-3550,1.6,1.4,1.6
2025-08-01,2025-08-01 10:52:36.500,IO2508-P-3550,1.6,1.4,1.6
2025-08-01,2025-08-01 10:52:37.000,IO2508-P-3550,1.6,1.4,1.6
2025-08-01,2025-08-01 10:52:51.500,IO2508-P-3550,1.6,1.4,1.6
2025-08-01,2025-08-01 10:52:52.500,IO2508-P-3550,1.6,1.4,1.6
2025-08-01,2025-08-01 10:52:53.000,IO2508-P-3550,1.6,1.4,1.6
2025-08-01,2025-08-01 10:52:53.500,IO2508-P-3550,1.6,1.4,1.6
2025-08-01,2025-08-01 10:52:54.500,IO2508-P-3550,1.6,1.4,1.6
2025-08-01,2025-08-01 10:53:06.500,IO2508-P-3550,1.6,1.4,1.6
2025-08-01,2025-08-01 10:53:07.000,IO2508-P-3550,1.6,1.4,1.6
2025-08-01,2025-08-01 10:53:08.000,IO2508-P-3550,1.6,1.4,1.6
2025-08-01,2025-08-01 10:53:08.500,IO2508-P-3550,1.6,1.4,1.6
2025-08-01,2025-08-01 10:53:24.000,IO2508-P-3550,1.6,1.4,1.6
2025-08-01,2025-08-01 10:53:36.500,IO2508-P-3550,1.6,1.4,1.6
2025-08-01,2025-08-01 10:53:37.000,IO2508-P-3550,1.6,1.4,1.6
2025-08-01,2025-08-01 10:53:43.500,IO2508-P-3550,1.6,1.4,1.6
2025-08-01,2025-08-01 10:53:45.000,IO2508-P-3550,1.6,1.4,1.6
2025-08-01,2025-08-01 10:53:46.000,IO2508-P-3550,1.6,1.4,1.6
2025-08-01,2025-08-01 10:53:46.500,IO2508-P-3550,1.6,1.4,1.8
2025-08-01,2025-08-01 10:53:47.000,IO2508-P-3550,1.6,1.4,1.8
2025-08-01,2025-08-01 10:53:47.500,IO2508-P-3550,1.6,1.4,1.8
2025-08-01,2025-08-01 10:53:48.000,IO2508-P-3550,1.6,1.4,1.8
2025-08-01,2025-08-01 10:53:54.000,IO2508-P-3550,1.6,1.4,1.8
2025-08-01,2025-08-01 10:54:02.000,IO2508-P-3550,1.6,1.4,1.8
2025-08-01,2025-08-01 10:54:16.500,IO2508-P-3550,1.6,1.4,1.8
2025-08-01,2025-08-01 10:54:18.500,IO2508-P-3550,1.6,1.4,1.8
2025-08-01,2025-08-01 10:54:30.000,IO2508-P-3550,1.6,1.4,1.8
2025-08-01,2025-08-01 10:54:40.500,IO2508-P-3550,1.6,1.4,1.8
2025-08-01,2025-08-01 10:54:44.500,IO2508-P-3550,1.6,1.4,1.8
2025-08-01,2025-08-01 10:55:02.500,IO2508-P-3550,1.6,1.4,1.8
2025-08-01,2025-08-01 10:55:04.500,IO2508-P-3550,1.6,1.4,1.8
2025-08-01,2025-08-01 10:55:10.000,IO2508-P-3550,1.6,1.4,1.8
2025-08-01,2025-08-01 10:55:11.500,IO2508-P-3550,1.6,1.4,1.8
2025-08-01,2025-08-01 10:55:22.500,IO2508-P-3550,1.6,1.4,1.8
2025-08-01,2025-08-01 10:55:23.500,IO2508-P-3550,1.6,1.4,1.8
2025-08-01,2025-08-01 10:55:27.500,IO2508-P-3550,1.6,1.4,1.8
2025-08-01,2025-08-01 10:55:28.000,IO2508-P-3550,1.6,1.4,1.8
2025-08-01,2025-08-01 10:55:29.000,IO2508-P-3550,1.6,1.4,1.8
2025-08-01,2025-08-01 10:55:33.500,IO2508-P-3550,1.6,1.4,1.8
2025-08-01,2025-08-01 10:55:36.000,IO2508-P-3550,1.6,1.4,1.8
2025-08-01,2025-08-01 10:55:38.000,IO2508-P-3550,1.6,1.4,1.8
2025-08-01,2025-08-01 10:55:40.500,IO2508-P-3550,1.6,1.4,1.8
2025-08-01,2025-08-01 10:55:41.000,IO2508-P-3550,1.6,1.4,1.8
2025-08-01,2025-08-01 10:55:42.500,IO2508-P-3550,1.6,1.4,1.8
2025-08-01,2025-08-01 10:55:43.000,IO2508-P-3550,1.6,1.4,1.8
2025-08-01,2025-08-01 10:55:50.500,IO2508-P-3550,1.6,1.4,1.8
2025-08-01,2025-08-01 10:56:00.500,IO2508-P-3550,1.6,1.4,1.8
2025-08-01,2025-08-01 10:56:01.000,IO2508-P-3550,1.6,1.4,1.8
2025-08-01,2025-08-01 10:56:01.500,IO2508-P-3550,1.6,1.4,1.8
2025-08-01,2025-08-01 10:56:02.500,IO2508-P-3550,1.6,1.4,1.8
2025-08-01,2025-08-01 10:56:03.000,IO2508-P-3550,1.6,1.4,1.8
2025-08-01,2025-08-01 10:56:04.000,IO2508-P-3550,1.6,1.4,1.8
2025-08-01,2025-08-01 10:56:05.000,IO2508-P-3550,1.6,1.4,1.8
2025-08-01,2025-08-01 10:56:05.500,IO2508-P-3550,1.6,1.4,1.8
2025-08-01,2025-08-01 10:56:06.500,IO2508-P-3550,1.6,1.4,1.8
2025-08-01,2025-08-01 10:56:07.000,IO2508-P-3550,1.6,1.4,1.8
2025-08-01,2025-08-01 10:56:11.000,IO2508-P-3550,1.6,1.4,1.8
2025-08-01,2025-08-01 10:56:17.500,IO2508-P-3550,1.6,1.4,1.8
2025-08-01,2025-08-01 10:56:18.000,IO2508-P-3550,1.6,1.4,1.8
2025-08-01,2025-08-01 10:56:36.500,IO2508-P-3550,1.6,1.4,1.8
2025-08-01,2025-08-01 10:56:37.000,IO2508-P-3550,1.6,1.4,1.8
2025-08-01,2025-08-01 10:56:46.000,IO2508-P-3550,1.6,1.4,1.8
2025-08-01,2025-08-01 10:56:47.500,IO2508-P-3550,1.6,1.4,1.8
2025-08-01,2025-08-01 10:56:50.000,IO2508-P-3550,1.6,1.4,1.8
2025-08-01,2025-08-01 10:56:51.000,IO2508-P-3550,1.6,1.4,1.8
2025-08-01,2025-08-01 10:57:06.500,IO2508-P-3550,1.6,1.4,1.8
2025-08-01,2025-08-01 10:57:07.000,IO2508-P-3550,1.6,1.4,1.8
2025-08-01,2025-08-01 10:57:08.000,IO2508-P-3550,1.6,1.4,1.8
2025-08-01,2025-08-01 10:57:16.000,IO2508-P-3550,1.6,1.4,1.8
2025-08-01,2025-08-01 10:57:17.000,IO2508-P-3550,1.6,1.4,1.8
2025-08-01,2025-08-01 10:57:18.000,IO2508-P-3550,1.6,1.4,1.8
2025-08-01,2025-08-01 10:57:18.500,IO2508-P-3550,1.6,1.4,1.8
2025-08-01,2025-08-01 10:57:22.000,IO2508-P-3550,1.6,1.4,1.8
2025-08-01,2025-08-01 10:57:23.000,IO2508-P-3550,1.6,1.4,1.8
2025-08-01,2025-08-01 10:57:24.000,IO2508-P-3550,1.6,1.4,1.8
2025-08-01,2025-08-01 10:57:36.500,IO2508-P-3550,1.6,1.4,1.8
2025-08-01,2025-08-01 10:57:37.000,IO2508-P-3550,1.6,1.4,1.8
2025-08-01,2025-08-01 10:58:06.500,IO2508-P-3550,1.6,1.4,1.8
2025-08-01,2025-08-01 10:58:07.000,IO2508-P-3550,1.6,1.4,1.8
2025-08-01,2025-08-01 10:58:27.500,IO2508-P-3550,1.6,1.4,1.8
2025-08-01,2025-08-01 10:58:36.500,IO2508-P-3550,1.6,1.4,1.8
2025-08-01,2025-08-01 10:58:37.000,IO2508-P-3550,1.6,1.4,1.8
2025-08-01,2025-08-01 10:58:48.000,IO2508-P-3550,1.6,1.4,1.8
2025-08-01,2025-08-01 10:58:48.500,IO2508-P-3550,1.6,1.4,1.8
2025-08-01,2025-08-01 10:59:06.000,IO2508-P-3550,1.6,1.4,1.8
2025-08-01,2025-08-01 10:59:06.500,IO2508-P-3550,1.6,1.4,1.8
2025-08-01,2025-08-01 10:59:07.000,IO2508-P-3550,1.6,1.4,1.8
2025-08-01,2025-08-01 10:59:08.500,IO2508-P-3550,1.6,1.4,1.8
2025-08-01,2025-08-01 10:59:19.500,IO2508-P-3550,1.6,1.4,1.8
2025-08-01,2025-08-01 10:59:23.000,IO2508-P-3550,1.6,1.4,1.8
2025-08-01,2025-08-01 10:59:28.500,IO2508-P-3550,1.6,1.4,1.8
2025-08-01,2025-08-01 10:59:29.500,IO2508-P-3550,1.6,1.4,1.8
2025-08-01,2025-08-01 10:59:33.000,IO2508-P-3550,1.6,1.4,1.8
2025-08-01,2025-08-01 10:59:34.000,IO2508-P-3550,1.6,1.4,1.6
2025-08-01,2025-08-01 10:59:34.500,IO2508-P-3550,1.6,1.4,1.6
2025-08-01,2025-08-01 10:59:35.000,IO2508-P-3550,1.6,1.4,1.6
2025-08-01,2025-08-01 10:59:39.500,IO2508-P-3550,1.6,1.4,1.6
2025-08-01,2025-08-01 11:00:03.500,IO2508-P-3550,1.6,1.4,1.6
2025-08-01,2025-08-01 11:00:04.500,IO2508-P-3550,1.6,1.4,1.6
2025-08-01,2025-08-01 11:00:06.500,IO2508-P-3550,1.6,1.4,1.6
2025-08-01,2025-08-01 11:00:07.000,IO2508-P-3550,1.6,1.4,1.6
2025-08-01,2025-08-01 11:00:36.500,IO2508-P-3550,1.6,1.4,1.6
2025-08-01,2025-08-01 11:00:37.000,IO2508-P-3550,1.6,1.4,1.6
2025-08-01,2025-08-01 11:00:45.000,IO2508-P-3550,1.6,1.4,1.6
2025-08-01,2025-08-01 11:01:06.500,IO2508-P-3550,1.6,1.4,1.6
2025-08-01,2025-08-01 11:01:07.000,IO2508-P-3550,1.6,1.4,1.6
2025-08-01,2025-08-01 11:01:10.500,IO2508-P-3550,1.6,1.4,1.6
2025-08-01,2025-08-01 11:01:17.000,IO2508-P-3550,1.6,1.4,1.6
2025-08-01,2025-08-01 11:01:17.500,IO2508-P-3550,1.6,1.4,1.6
2025-08-01,2025-08-01 11:01:26.500,IO2508-P-3550,1.6,1.4,1.6
2025-08-01,2025-08-01 11:01:27.500,IO2508-P-3550,1.6,1.4,1.6
2025-08-01,2025-08-01 11:01:36.500,IO2508-P-3550,1.6,1.4,1.6
2025-08-01,2025-08-01 11:01:37.000,IO2508-P-3550,1.6,1.4,1.6
2025-08-01,2025-08-01 11:02:06.500,IO2508-P-3550,1.6,1.4,1.6
2025-08-01,2025-08-01 11:02:07.000,IO2508-P-3550,1.6,1.4,1.6
2025-08-01,2025-08-01 11:02:36.500,IO2508-P-3550,1.6,1.4,1.6
2025-08-01,2025-08-01 11:02:37.000,IO2508-P-3550,1.6,1.4,1.6
2025-08-01,2025-08-01 11:03:06.500,IO2508-P-3550,1.6,1.4,1.6
2025-08-01,2025-08-01 11:03:07.000,IO2508-P-3550,1.6,1.4,1.6
2025-08-01,2025-08-01 11:03:36.500,IO2508-P-3550,1.6,1.4,1.6
2025-08-01,2025-08-01 11:03:37.000,IO2508-P-3550,1.6,1.4,1.6
2025-08-01,2025-08-01 11:04:06.500,IO2508-P-3550,1.6,1.4,1.6
2025-08-01,2025-08-01 11:04:07.000,IO2508-P-3550,1.6,1.4,1.6
2025-08-01,2025-08-01 11:04:36.500,IO2508-P-3550,1.6,1.4,1.6
2025-08-01,2025-08-01 11:04:37.000,IO2508-P-3550,1.6,1.4,1.6
2025-08-01,2025-08-01 11:04:37.500,IO2508-P-3550,1.6,1.4,1.6
2025-08-01,2025-08-01 11:05:06.500,IO2508-P-3550,1.6,1.4,1.6
2025-08-01,2025-08-01 11:05:07.000,IO2508-P-3550,1.6,1.4,1.6
2025-08-01,2025-08-01 11:05:36.500,IO2508-P-3550,1.6,1.4,1.6
2025-08-01,2025-08-01 11:05:37.000,IO2508-P-3550,1.6,1.4,1.6
2025-08-01,2025-08-01 11:06:06.500,IO2508-P-3550,1.6,1.4,1.6
2025-08-01,2025-08-01 11:06:07.000,IO2508-P-3550,1.6,1.4,1.6
2025-08-01,2025-08-01 11:06:08.500,IO2508-P-3550,1.6,1.4,1.6
2025-08-01,2025-08-01 11:06:36.500,IO2508-P-3550,1.6,1.4,1.6
2025-08-01,2025-08-01 11:06:37.000,IO2508-P-3550,1.6,1.4,1.6
2025-08-01,2025-08-01 11:07:06.500,IO2508-P-3550,1.6,1.4,1.6
2025-08-01,2025-08-01 11:07:07.000,IO2508-P-3550,1.6,1.4,1.6
2025-08-01,2025-08-01 11:07:30.500,IO2508-P-3550,1.6,1.4,1.6
2025-08-01,2025-08-01 11:07:36.500,IO2508-P-3550,1.6,1.4,1.6
2025-08-01,2025-08-01 11:07:37.000,IO2508-P-3550,1.6,1.4,1.6
2025-08-01,2025-08-01 11:07:42.000,IO2508-P-3550,1.6,1.4,1.6
2025-08-01,2025-08-01 11:08:06.500,IO2508-P-3550,1.6,1.4,1.6
2025-08-01,2025-08-01 11:08:07.000,IO2508-P-3550,1.6,1.4,1.6
2025-08-01,2025-08-01 11:08:22.500,IO2508-P-3550,1.6,1.4,1.6
2025-08-01,2025-08-01 11:08:36.500,IO2508-P-3550,1.6,1.4,1.6
2025-08-01,2025-08-01 11:08:37.000,IO2508-P-3550,1.6,1.4,1.6
2025-08-01,2025-08-01 11:09:06.500,IO2508-P-3550,1.6,1.4,1.6
2025-08-01,2025-08-01 11:09:07.000,IO2508-P-3550,1.6,1.4,1.6
2025-08-01,2025-08-01 11:09:36.500,IO2508-P-3550,1.6,1.4,1.6
2025-08-01,2025-08-01 11:09:37.000,IO2508-P-3550,1.6,1.4,1.6
2025-08-01,2025-08-01 11:09:39.500,IO2508-P-3550,1.6,1.4,1.6
2025-08-01,2025-08-01 11:10:06.500,IO2508-P-3550,1.6,1.4,1.6
2025-08-01,2025-08-01 11:10:07.000,IO2508-P-3550,1.6,1.4,1.6
2025-08-01,2025-08-01 11:10:36.500,IO2508-P-3550,1.6,1.4,1.6
2025-08-01,2025-08-01 11:10:37.000,IO2508-P-3550,1.6,1.4,1.6
2025-08-01,2025-08-01 11:10:53.500,IO2508-P-3550,1.6,1.4,1.6
2025-08-01,2025-08-01 11:11:06.500,IO2508-P-3550,1.6,1.4,1.6
2025-08-01,2025-08-01 11:11:07.000,IO2508-P-3550,1.6,1.4,1.6
2025-08-01,2025-08-01 11:11:16.000,IO2508-P-3550,1.6,1.4,1.6
2025-08-01,2025-08-01 11:11:16.500,IO2508-P-3550,1.6,1.4,1.6
2025-08-01,2025-08-01 11:11:20.500,IO2508-P-3550,1.6,1.4,1.6
2025-08-01,2025-08-01 11:11:36.500,IO2508-P-3550,1.6,1.4,1.6
2025-08-01,2025-08-01 11:11:37.000,IO2508-P-3550,1.6,1.4,1.6
2025-08-01,2025-08-01 11:12:06.500,IO2508-P-3550,1.6,1.4,1.6
2025-08-01,2025-08-01 11:12:07.000,IO2508-P-3550,1.6,1.4,1.6
2025-08-01,2025-08-01 11:12:36.500,IO2508-P-3550,1.6,1.4,1.6
2025-08-01,2025-08-01 11:12:37.000,IO2508-P-3550,1.6,1.4,1.6
2025-08-01,2025-08-01 11:12:53.000,IO2508-P-3550,1.6,1.4,1.6
2025-08-01,2025-08-01 11:13:06.500,IO2508-P-3550,1.6,1.4,1.6
2025-08-01,2025-08-01 11:13:07.000,IO2508-P-3550,1.6,1.4,1.6
2025-08-01,2025-08-01 11:13:26.000,IO2508-P-3550,1.6,1.4,1.6
2025-08-01,2025-08-01 11:13:36.500,IO2508-P-3550,1.6,1.4,1.6
2025-08-01,2025-08-01 11:13:37.000,IO2508-P-3550,1.6,1.4,1.6
2025-08-01,2025-08-01 11:13:37.500,IO2508-P-3550,1.6,1.4,1.6
2025-08-01,2025-08-01 11:13:58.500,IO2508-P-3550,1.6,1.4,1.6
2025-08-01,2025-08-01 11:14:06.500,IO2508-P-3550,1.6,1.4,1.6
2025-08-01,2025-08-01 11:14:07.000,IO2508-P-3550,1.6,1.4,1.6
2025-08-01,2025-08-01 11:14:07.500,IO2508-P-3550,1.6,1.4,1.6
2025-08-01,2025-08-01 11:14:08.000,IO2508-P-3550,1.6,1.4,1.6
2025-08-01,2025-08-01 11:14:36.500,IO2508-P-3550,1.6,1.4,1.6
2025-08-01,2025-08-01 11:14:37.000,IO2508-P-3550,1.6,1.4,1.6
2025-08-01,2025-08-01 11:15:06.500,IO2508-P-3550,1.6,1.4,1.6
2025-08-01,2025-08-01 11:15:07.000,IO2508-P-3550,1.6,1.4,1.6
2025-08-01,2025-08-01 11:15:15.000,IO2508-P-3550,1.6,1.4,1.6
2025-08-01,2025-08-01 11:15:36.500,IO2508-P-3550,1.6,1.4,1.6
2025-08-01,2025-08-01 11:15:37.000,IO2508-P-3550,1.6,1.4,1.6
2025-08-01,2025-08-01 11:16:06.500,IO2508-P-3550,1.6,1.4,1.6
2025-08-01,2025-08-01 11:16:07.000,IO2508-P-3550,1.6,1.4,1.6
2025-08-01,2025-08-01 11:16:07.500,IO2508-P-3550,1.6,1.4,1.6
2025-08-01,2025-08-01 11:16:36.500,IO2508-P-3550,1.6,1.4,1.6
2025-08-01,2025-08-01 11:16:37.000,IO2508-P-3550,1.6,1.4,1.6
2025-08-01,2025-08-01 11:17:06.500,IO2508-P-3550,1.6,1.4,1.6
2025-08-01,2025-08-01 11:17:07.000,IO2508-P-3550,1.6,1.4,1.6
2025-08-01,2025-08-01 11:17:36.500,IO2508-P-3550,1.6,1.4,1.6
2025-08-01,2025-08-01 11:17:37.000,IO2508-P-3550,1.6,1.4,1.6
2025-08-01,2025-08-01 11:18:06.500,IO2508-P-3550,1.6,1.4,1.6
2025-08-01,2025-08-01 11:18:07.000,IO2508-P-3550,1.6,1.4,1.6
2025-08-01,2025-08-01 11:18:08.500,IO2508-P-3550,1.6,1.4,1.6
2025-08-01,2025-08-01 11:18:36.500,IO2508-P-3550,1.6,1.4,1.6
2025-08-01,2025-08-01 11:18:37.000,IO2508-P-3550,1.6,1.4,1.6
2025-08-01,2025-08-01 11:19:06.500,IO2508-P-3550,1.6,1.4,1.6
2025-08-01,2025-08-01 11:19:07.000,IO2508-P-3550,1.6,1.4,1.6
2025-08-01,2025-08-01 11:19:36.500,IO2508-P-3550,1.6,1.4,1.6
2025-08-01,2025-08-01 11:19:37.000,IO2508-P-3550,1.6,1.4,1.6
2025-08-01,2025-08-01 11:20:06.500,IO2508-P-3550,1.6,1.4,1.6
2025-08-01,2025-08-01 11:20:07.000,IO2508-P-3550,1.6,1.4,1.6
2025-08-01,2025-08-01 11:20:36.500,IO2508-P-3550,1.6,1.4,1.6
2025-08-01,2025-08-01 11:20:37.000,IO2508-P-3550,1.6,1.4,1.6
2025-08-01,2025-08-01 11:20:42.000,IO2508-P-3550,1.6,1.4,1.6
2025-08-01,2025-08-01 11:21:06.500,IO2508-P-3550,1.6,1.4,1.6
2025-08-01,2025-08-01 11:21:07.000,IO2508-P-3550,1.6,1.4,1.6
2025-08-01,2025-08-01 11:21:36.500,IO2508-P-3550,1.6,1.4,1.6
2025-08-01,2025-08-01 11:21:37.000,IO2508-P-3550,1.6,1.4,1.6
2025-08-01,2025-08-01 11:22:06.500,IO2508-P-3550,1.6,1.4,1.6
2025-08-01,2025-08-01 11:22:07.000,IO2508-P-3550,1.6,1.4,1.6
2025-08-01,2025-08-01 11:22:36.500,IO2508-P-3550,1.6,1.4,1.6
2025-08-01,2025-08-01 11:22:37.000,IO2508-P-3550,1.6,1.4,1.6
2025-08-01,2025-08-01 11:22:49.500,IO2508-P-3550,1.6,1.4,1.6
2025-08-01,2025-08-01 11:22:50.000,IO2508-P-3550,1.6,1.4,1.6
2025-08-01,2025-08-01 11:23:06.500,IO2508-P-3550,1.6,1.4,1.6
2025-08-01,2025-08-01 11:23:07.000,IO2508-P-3550,1.6,1.4,1.6
2025-08-01,2025-08-01 11:23:36.500,IO2508-P-3550,1.6,1.4,1.6
2025-08-01,2025-08-01 11:23:37.000,IO2508-P-3550,1.6,1.4,1.6
2025-08-01,2025-08-01 11:23:42.000,IO2508-P-3550,1.6,1.4,1.6
2025-08-01,2025-08-01 11:24:06.500,IO2508-P-3550,1.6,1.4,1.6
2025-08-01,2025-08-01 11:24:07.000,IO2508-P-3550,1.6,1.4,1.6
2025-08-01,2025-08-01 11:24:36.500,IO2508-P-3550,1.6,1.4,1.6
2025-08-01,2025-08-01 11:24:37.000,IO2508-P-3550,1.6,1.4,1.6
2025-08-01,2025-08-01 11:24:42.000,IO2508-P-3550,1.6,1.4,1.6
2025-08-01,2025-08-01 11:25:06.500,IO2508-P-3550,1.6,1.4,1.6
2025-08-01,2025-08-01 11:25:07.000,IO2508-P-3550,1.6,1.4,1.6
2025-08-01,2025-08-01 11:25:14.500,IO2508-P-3550,1.6,1.4,1.6
2025-08-01,2025-08-01 11:25:36.500,IO2508-P-3550,1.6,1.4,1.6
2025-08-01,2025-08-01 11:25:37.000,IO2508-P-3550,1.6,1.4,1.6
2025-08-01,2025-08-01 11:25:53.000,IO2508-P-3550,1.6,1.4,1.6
2025-08-01,2025-08-01 11:26:06.500,IO2508-P-3550,1.6,1.4,1.6
2025-08-01,2025-08-01 11:26:07.000,IO2508-P-3550,1.6,1.4,1.6
2025-08-01,2025-08-01 11:26:09.000,IO2508-P-3550,1.6,1.4,1.6
2025-08-01,2025-08-01 11:26:36.500,IO2508-P-3550,1.6,1.4,1.6
2025-08-01,2025-08-01 11:26:37.000,IO2508-P-3550,1.6,1.4,1.6
2025-08-01,2025-08-01 11:27:06.500,IO2508-P-3550,1.6,1.4,1.6
2025-08-01,2025-08-01 11:27:07.000,IO2508-P-3550,1.6,1.4,1.6
2025-08-01,2025-08-01 11:27:36.500,IO2508-P-3550,1.6,1.4,1.6
2025-08-01,2025-08-01 11:27:37.000,IO2508-P-3550,1.6,1.4,1.6
2025-08-01,2025-08-01 11:28:06.500,IO2508-P-3550,1.6,1.4,1.6
2025-08-01,2025-08-01 11:28:07.000,IO2508-P-3550,1.6,1.4,1.6
2025-08-01,2025-08-01 11:28:08.000,IO2508-P-3550,1.6,1.4,1.6
2025-08-01,2025-08-01 11:28:22.000,IO2508-P-3550,1.6,1.4,1.6
2025-08-01,2025-08-01 11:28:22.500,IO2508-P-3550,1.6,1.4,1.6
2025-08-01,2025-08-01 11:28:36.500,IO2508-P-3550,1.6,1.4,1.6
2025-08-01,2025-08-01 11:28:37.000,IO2508-P-3550,1.6,1.4,1.6
2025-08-01,2025-08-01 11:28:50.000,IO2508-P-3550,1.6,1.4,1.6
2025-08-01,2025-08-01 11:28:52.500,IO2508-P-3550,1.6,1.4,1.6
2025-08-01,2025-08-01 11:28:54.000,IO2508-P-3550,1.6,1.4,1.6
2025-08-01,2025-08-01 11:29:01.500,IO2508-P-3550,1.6,1.4,1.6
2025-08-01,2025-08-01 11:29:06.500,IO2508-P-3550,1.6,1.4,1.6
2025-08-01,2025-08-01 11:29:07.000,IO2508-P-3550,1.6,1.4,1.6
2025-08-01,2025-08-01 11:29:07.500,IO2508-P-3550,1.6,1.4,1.6
2025-08-01,2025-08-01 11:29:10.000,IO2508-P-3550,1.6,1.4,1.6
2025-08-01,2025-08-01 11:29:10.500,IO2508-P-3550,1.6,1.4,1.6
2025-08-01,2025-08-01 11:29:20.500,IO2508-P-3550,1.6,1.4,1.6
2025-08-01,2025-08-01 11:29:22.500,IO2508-P-3550,1.6,1.4,1.6
2025-08-01,2025-08-01 11:29:29.000,IO2508-P-3550,1.6,1.4,1.6
2025-08-01,2025-08-01 11:29:29.500,IO2508-P-3550,1.6,1.4,1.6
2025-08-01,2025-08-01 11:29:30.000,IO2508-P-3550,1.6,1.4,1.6
2025-08-01,2025-08-01 11:29:30.500,IO2508-P-3550,1.6,1.4,1.6
2025-08-01,2025-08-01 11:29:31.000,IO2508-P-3550,1.6,1.4,1.6
2025-08-01,2025-08-01 11:29:31.500,IO2508-P-3550,1.6,1.4,1.6
2025-08-01,2025-08-01 11:29:32.000,IO2508-P-3550,1.6,1.4,1.6
2025-08-01,2025-08-01 11:29:34.000,IO2508-P-3550,1.6,1.4,1.6
2025-08-01,2025-08-01 11:29:35.500,IO2508-P-3550,1.6,1.4,1.6
2025-08-01,2025-08-01 11:29:39.000,IO2508-P-3550,1.6,1.4,1.6
2025-08-01,2025-08-01 11:29:40.000,IO2508-P-3550,1.6,1.4,1.6
2025-08-01,2025-08-01 11:29:40.500,IO2508-P-3550,1.6,1.4,1.6
2025-08-01,2025-08-01 11:29:41.000,IO2508-P-3550,1.6,1.2,1.6
2025-08-01,2025-08-01 11:29:41.500,IO2508-P-3550,1.6,1.2,1.6
2025-08-01,2025-08-01 11:29:42.000,IO2508-P-3550,1.6,1.2,1.6
2025-08-01,2025-08-01 11:29:44.500,IO2508-P-3550,1.6,1.2,1.6
2025-08-01,2025-08-01 11:29:45.000,IO2508-P-3550,1.6,1.2,1.6
2025-08-01,2025-08-01 11:29:45.500,IO2508-P-3550,1.6,1.2,1.6
2025-08-01,2025-08-01 11:29:46.000,IO2508-P-3550,1.6,1.0,1.6
2025-08-01,2025-08-01 11:29:46.500,IO2508-P-3550,1.6,1.0,1.6
2025-08-01,2025-08-01 11:29:47.500,IO2508-P-3550,1.6,1.0,1.6
2025-08-01,2025-08-01 11:29:48.000,IO2508-P-3550,1.6,1.0,1.6
2025-08-01,2025-08-01 11:29:48.500,IO2508-P-3550,1.6,1.0,2.2
2025-08-01,2025-08-01 11:29:49.000,IO2508-P-3550,1.6,1.0,2.2
2025-08-01,2025-08-01 11:29:49.500,IO2508-P-3550,1.6,1.0,2.2
2025-08-01,2025-08-01 11:29:50.000,IO2508-P-3550,1.6,1.0,2.2
2025-08-01,2025-08-01 11:29:50.500,IO2508-P-3550,1.6,1.0,2.2
2025-08-01,2025-08-01 11:29:59.500,IO2508-P-3550,1.6,1.0,2.2
2025-08-01,2025-08-01 11:30:00.000,IO2508-P-3550,1.6,1.0,2.2
2025-08-01,2025-08-01 13:00:00.500,IO2508-P-3550,1.6,1.0,2.0
2025-08-01,2025-08-01 13:00:01.000,IO2508-P-3550,1.6,1.2,2.0
2025-08-01,2025-08-01 13:00:06.500,IO2508-P-3550,1.6,1.2,1.8
2025-08-01,2025-08-01 13:00:10.500,IO2508-P-3550,1.6,1.2,1.8
2025-08-01,2025-08-01 13:00:11.000,IO2508-P-3550,1.6,1.2,1.6
2025-08-01,2025-08-01 13:00:11.500,IO2508-P-3550,1.6,1.2,1.6
2025-08-01,2025-08-01 13:00:12.000,IO2508-P-3550,1.6,1.2,1.6
2025-08-01,2025-08-01 13:00:12.500,IO2508-P-3550,1.6,1.2,1.6
2025-08-01,2025-08-01 13:00:13.000,IO2508-P-3550,1.6,1.2,1.6
2025-08-01,2025-08-01 13:00:13.500,IO2508-P-3550,1.6,1.2,1.6
2025-08-01,2025-08-01 13:00:14.500,IO2508-P-3550,1.6,1.2,1.6
2025-08-01,2025-08-01 13:00:15.000,IO2508-P-3550,1.6,1.2,1.6
2025-08-01,2025-08-01 13:00:15.500,IO2508-P-3550,1.6,1.4,1.6
2025-08-01,2025-08-01 13:00:16.000,IO2508-P-3550,1.6,1.4,1.6
2025-08-01,2025-08-01 13:00:16.500,IO2508-P-3550,1.6,1.4,1.6
2025-08-01,2025-08-01 13:00:17.000,IO2508-P-3550,1.6,1.4,1.6
2025-08-01,2025-08-01 13:00:17.500,IO2508-P-3550,1.6,1.4,1.6
2025-08-01,2025-08-01 13:00:18.000,IO2508-P-3550,1.6,1.4,1.6
2025-08-01,2025-08-01 13:00:18.500,IO2508-P-3550,1.6,1.4,1.6
2025-08-01,2025-08-01 13:00:19.000,IO2508-P-3550,1.6,1.4,1.6
2025-08-01,2025-08-01 13:00:20.000,IO2508-P-3550,1.6,1.4,1.6
2025-08-01,2025-08-01 13:00:21.000,IO2508-P-3550,1.6,1.4,1.6
2025-08-01,2025-08-01 13:00:23.500,IO2508-P-3550,1.6,1.4,1.6
2025-08-01,2025-08-01 13:00:26.500,IO2508-P-3550,1.6,1.4,1.6
2025-08-01,2025-08-01 13:00:27.000,IO2508-P-3550,1.6,1.4,1.6
2025-08-01,2025-08-01 13:00:28.000,IO2508-P-3550,1.6,1.4,1.6
2025-08-01,2025-08-01 13:00:30.500,IO2508-P-3550,1.6,1.4,1.6
2025-08-01,2025-08-01 13:00:33.000,IO2508-P-3550,1.6,1.4,1.6
2025-08-01,2025-08-01 13:00:34.500,IO2508-P-3550,1.6,1.4,1.6
2025-08-01,2025-08-01 13:00:35.000,IO2508-P-3550,1.6,1.4,1.6
2025-08-01,2025-08-01 13:00:35.500,IO2508-P-3550,1.6,1.4,1.6
2025-08-01,2025-08-01 13:00:37.500,IO2508-P-3550,1.6,1.4,1.6
2025-08-01,2025-08-01 13:00:43.000,IO2508-P-3550,1.6,1.4,1.6
2025-08-01,2025-08-01 13:00:43.500,IO2508-P-3550,1.6,1.4,1.6
2025-08-01,2025-08-01 13:00:54.500,IO2508-P-3550,1.6,1.4,1.6
2025-08-01,2025-08-01 13:00:55.000,IO2508-P-3550,1.6,1.4,1.6
2025-08-01,2025-08-01 13:00:55.500,IO2508-P-3550,1.6,1.4,1.6
2025-08-01,2025-08-01 13:00:56.000,IO2508-P-3550,1.6,1.4,1.6
2025-08-01,2025-08-01 13:00:56.500,IO2508-P-3550,1.6,1.4,1.6
2025-08-01,2025-08-01 13:00:57.000,IO2508-P-3550,1.6,1.4,1.6
2025-08-01,2025-08-01 13:01:06.500,IO2508-P-3550,1.6,1.4,1.6
2025-08-01,2025-08-01 13:01:07.000,IO2508-P-3550,1.6,1.4,1.6
2025-08-01,2025-08-01 13:01:07.500,IO2508-P-3550,1.6,1.4,1.6
2025-08-01,2025-08-01 13:01:14.000,IO2508-P-3550,1.6,1.4,1.6
2025-08-01,2025-08-01 13:01:14.500,IO2508-P-3550,1.6,1.4,1.6
2025-08-01,2025-08-01 13:01:15.000,IO2508-P-3550,1.6,1.4,1.6
2025-08-01,2025-08-01 13:01:15.500,IO2508-P-3550,1.6,1.4,1.6
2025-08-01,2025-08-01 13:01:18.500,IO2508-P-3550,1.6,1.4,1.6
2025-08-01,2025-08-01 13:01:19.500,IO2508-P-3550,1.6,1.4,1.6
2025-08-01,2025-08-01 13:01:31.000,IO2508-P-3550,1.6,1.4,1.6
2025-08-01,2025-08-01 13:01:35.000,IO2508-P-3550,1.6,1.4,1.6
2025-08-01,2025-08-01 13:01:36.500,IO2508-P-3550,1.6,1.4,1.6
2025-08-01,2025-08-01 13:01:37.000,IO2508-P-3550,1.6,1.4,1.6
2025-08-01,2025-08-01 13:01:40.000,IO2508-P-3550,1.6,1.4,1.6
2025-08-01,2025-08-01 13:01:47.500,IO2508-P-3550,1.6,1.4,1.6
2025-08-01,2025-08-01 13:01:58.000,IO2508-P-3550,1.6,1.4,1.6
2025-08-01,2025-08-01 13:02:01.000,IO2508-P-3550,1.6,1.4,1.6
2025-08-01,2025-08-01 13:02:01.500,IO2508-P-3550,1.6,1.4,1.6
2025-08-01,2025-08-01 13:02:02.000,IO2508-P-3550,1.6,1.4,1.6
2025-08-01,2025-08-01 13:02:05.000,IO2508-P-3550,1.6,1.4,1.6
2025-08-01,2025-08-01 13:02:06.500,IO2508-P-3550,1.6,1.4,1.6
2025-08-01,2025-08-01 13:02:07.000,IO2508-P-3550,1.6,1.4,1.6
2025-08-01,2025-08-01 13:02:27.000,IO2508-P-3550,1.6,1.4,1.6
2025-08-01,2025-08-01 13:02:27.500,IO2508-P-3550,1.6,1.4,1.6
2025-08-01,2025-08-01 13:02:28.000,IO2508-P-3550,1.6,1.4,1.6
2025-08-01,2025-08-01 13:02:28.500,IO2508-P-3550,1.6,1.4,1.6
2025-08-01,2025-08-01 13:02:29.000,IO2508-P-3550,1.6,1.4,1.6
2025-08-01,2025-08-01 13:02:36.500,IO2508-P-3550,1.6,1.4,1.6
2025-08-01,2025-08-01 13:02:37.000,IO2508-P-3550,1.6,1.4,1.6
2025-08-01,2025-08-01 13:02:57.500,IO2508-P-3550,1.6,1.4,1.6
2025-08-01,2025-08-01 13:03:03.500,IO2508-P-3550,1.6,1.4,1.6
2025-08-01,2025-08-01 13:03:06.500,IO2508-P-3550,1.6,1.4,1.6
2025-08-01,2025-08-01 13:03:07.000,IO2508-P-3550,1.6,1.4,1.6
2025-08-01,2025-08-01 13:03:07.500,IO2508-P-3550,1.6,1.4,1.6
2025-08-01,2025-08-01 13:03:09.000,IO2508-P-3550,1.6,1.4,1.6
2025-08-01,2025-08-01 13:03:09.500,IO2508-P-3550,1.6,1.4,1.6
2025-08-01,2025-08-01 13:03:36.500,IO2508-P-3550,1.6,1.4,1.6
2025-08-01,2025-08-01 13:03:37.000,IO2508-P-3550,1.6,1.4,1.6
2025-08-01,2025-08-01 13:03:37.500,IO2508-P-3550,1.6,1.4,1.8
2025-08-01,2025-08-01 13:03:38.000,IO2508-P-3550,1.6,1.4,1.8
2025-08-01,2025-08-01 13:03:38.500,IO2508-P-3550,1.6,1.4,1.8
2025-08-01,2025-08-01 13:03:55.500,IO2508-P-3550,1.6,1.4,1.8
2025-08-01,2025-08-01 13:03:56.000,IO2508-P-3550,1.6,1.4,1.8
2025-08-01,2025-08-01 13:03:57.500,IO2508-P-3550,1.6,1.4,1.8
2025-08-01,2025-08-01 13:03:58.000,IO2508-P-3550,1.6,1.4,1.8
2025-08-01,2025-08-01 13:04:13.500,IO2508-P-3550,1.6,1.4,1.8
2025-08-01,2025-08-01 13:04:16.500,IO2508-P-3550,1.6,1.4,1.8
