tradingdate,tradingtime,symbol,lastprice,buyprice01,sellprice01
2025-08-01,2025-08-01 09:29:00.000,IO2508-P-3700,2.6,1.2,3.0
2025-08-01,2025-08-01 09:30:00.500,IO2508-P-3700,2.6,1.8,3.0
2025-08-01,2025-08-01 09:30:01.000,IO2508-P-3700,2.6,2.0,3.0
2025-08-01,2025-08-01 09:30:01.500,IO2508-P-3700,2.6,2.0,3.0
2025-08-01,2025-08-01 09:30:02.000,IO2508-P-3700,2.6,2.0,3.0
2025-08-01,2025-08-01 09:30:02.500,IO2508-P-3700,2.6,1.4,3.0
2025-08-01,2025-08-01 09:30:09.000,IO2508-P-3700,2.6,1.6,2.8
2025-08-01,2025-08-01 09:30:09.500,IO2508-P-3700,2.6,1.8,2.8
2025-08-01,2025-08-01 09:30:10.000,IO2508-P-3700,2.6,2.0,2.8
2025-08-01,2025-08-01 09:30:10.500,IO2508-P-3700,2.6,2.2,2.8
2025-08-01,2025-08-01 09:30:11.500,IO2508-P-3700,2.6,2.2,2.8
2025-08-01,2025-08-01 09:30:12.000,IO2508-P-3700,2.6,2.2,2.8
2025-08-01,2025-08-01 09:30:12.500,IO2508-P-3700,2.6,2.2,2.8
2025-08-01,2025-08-01 09:30:13.000,IO2508-P-3700,2.6,2.2,2.6
2025-08-01,2025-08-01 09:30:13.500,IO2508-P-3700,2.6,2.2,2.6
2025-08-01,2025-08-01 09:30:14.000,IO2508-P-3700,2.6,2.2,2.6
2025-08-01,2025-08-01 09:30:15.500,IO2508-P-3700,2.6,2.2,2.6
2025-08-01,2025-08-01 09:30:16.000,IO2508-P-3700,2.6,2.2,2.6
2025-08-01,2025-08-01 09:30:17.000,IO2508-P-3700,2.6,2.2,2.8
2025-08-01,2025-08-01 09:30:17.500,IO2508-P-3700,2.6,2.2,2.8
2025-08-01,2025-08-01 09:30:18.500,IO2508-P-3700,2.6,2.2,2.8
2025-08-01,2025-08-01 09:30:21.000,IO2508-P-3700,2.6,2.2,2.8
2025-08-01,2025-08-01 09:30:23.000,IO2508-P-3700,2.6,2.2,2.8
2025-08-01,2025-08-01 09:30:23.500,IO2508-P-3700,2.6,2.2,2.8
2025-08-01,2025-08-01 09:30:26.500,IO2508-P-3700,2.6,2.2,2.8
2025-08-01,2025-08-01 09:30:27.000,IO2508-P-3700,2.6,2.2,2.8
2025-08-01,2025-08-01 09:30:32.000,IO2508-P-3700,2.6,2.2,2.8
2025-08-01,2025-08-01 09:30:33.500,IO2508-P-3700,2.6,2.2,2.8
2025-08-01,2025-08-01 09:30:34.000,IO2508-P-3700,2.6,2.2,2.8
2025-08-01,2025-08-01 09:30:36.500,IO2508-P-3700,2.6,2.4,2.8
2025-08-01,2025-08-01 09:30:37.000,IO2508-P-3700,2.6,2.4,2.8
2025-08-01,2025-08-01 09:30:37.500,IO2508-P-3700,2.6,2.4,2.8
2025-08-01,2025-08-01 09:30:41.500,IO2508-P-3700,2.6,2.4,2.8
2025-08-01,2025-08-01 09:30:44.000,IO2508-P-3700,2.6,2.4,2.8
2025-08-01,2025-08-01 09:30:45.000,IO2508-P-3700,2.6,2.4,2.8
2025-08-01,2025-08-01 09:30:46.000,IO2508-P-3700,2.6,2.4,2.8
2025-08-01,2025-08-01 09:30:48.500,IO2508-P-3700,2.6,2.4,2.8
2025-08-01,2025-08-01 09:30:49.000,IO2508-P-3700,2.6,2.4,2.6
2025-08-01,2025-08-01 09:30:49.500,IO2508-P-3700,2.6,2.4,2.6
2025-08-01,2025-08-01 09:30:50.000,IO2508-P-3700,2.6,2.4,2.6
2025-08-01,2025-08-01 09:30:50.500,IO2508-P-3700,2.6,2.4,2.6
2025-08-01,2025-08-01 09:30:52.000,IO2508-P-3700,2.6,2.4,2.6
2025-08-01,2025-08-01 09:30:52.500,IO2508-P-3700,2.6,2.4,2.6
2025-08-01,2025-08-01 09:30:53.000,IO2508-P-3700,2.6,2.4,2.6
2025-08-01,2025-08-01 09:30:54.500,IO2508-P-3700,2.6,2.4,2.6
2025-08-01,2025-08-01 09:30:55.000,IO2508-P-3700,2.6,2.4,2.6
2025-08-01,2025-08-01 09:30:55.500,IO2508-P-3700,2.6,2.4,2.6
2025-08-01,2025-08-01 09:30:56.000,IO2508-P-3700,2.6,2.4,2.6
2025-08-01,2025-08-01 09:30:56.500,IO2508-P-3700,2.6,2.4,2.6
2025-08-01,2025-08-01 09:30:57.500,IO2508-P-3700,2.6,2.4,2.6
2025-08-01,2025-08-01 09:30:59.500,IO2508-P-3700,2.6,2.4,2.6
2025-08-01,2025-08-01 09:31:01.500,IO2508-P-3700,2.6,2.4,2.6
2025-08-01,2025-08-01 09:31:02.000,IO2508-P-3700,2.6,2.2,2.6
2025-08-01,2025-08-01 09:31:02.500,IO2508-P-3700,2.6,2.2,2.6
2025-08-01,2025-08-01 09:31:03.000,IO2508-P-3700,2.6,2.2,2.6
2025-08-01,2025-08-01 09:31:08.000,IO2508-P-3700,2.6,2.2,2.6
2025-08-01,2025-08-01 09:31:08.500,IO2508-P-3700,2.6,2.2,2.6
2025-08-01,2025-08-01 09:31:09.000,IO2508-P-3700,2.6,2.2,2.6
2025-08-01,2025-08-01 09:31:09.500,IO2508-P-3700,2.6,2.2,2.6
2025-08-01,2025-08-01 09:31:10.000,IO2508-P-3700,2.6,2.2,2.6
2025-08-01,2025-08-01 09:31:13.000,IO2508-P-3700,2.6,2.2,2.6
2025-08-01,2025-08-01 09:31:13.500,IO2508-P-3700,2.6,2.2,2.6
2025-08-01,2025-08-01 09:31:14.000,IO2508-P-3700,2.6,2.2,2.6
2025-08-01,2025-08-01 09:31:14.500,IO2508-P-3700,2.6,2.2,2.6
2025-08-01,2025-08-01 09:31:20.000,IO2508-P-3700,2.6,2.2,2.6
2025-08-01,2025-08-01 09:31:20.500,IO2508-P-3700,2.6,2.2,2.6
2025-08-01,2025-08-01 09:31:25.000,IO2508-P-3700,2.6,2.2,2.6
2025-08-01,2025-08-01 09:31:25.500,IO2508-P-3700,2.6,2.2,2.6
2025-08-01,2025-08-01 09:31:28.000,IO2508-P-3700,2.6,2.2,2.6
2025-08-01,2025-08-01 09:31:30.000,IO2508-P-3700,2.6,2.2,2.6
2025-08-01,2025-08-01 09:31:31.500,IO2508-P-3700,2.6,2.2,2.6
2025-08-01,2025-08-01 09:31:32.000,IO2508-P-3700,2.6,2.2,2.6
2025-08-01,2025-08-01 09:31:33.000,IO2508-P-3700,2.6,2.2,2.6
2025-08-01,2025-08-01 09:31:36.500,IO2508-P-3700,2.6,2.2,2.6
2025-08-01,2025-08-01 09:31:37.000,IO2508-P-3700,2.6,2.2,2.6
2025-08-01,2025-08-01 09:31:54.500,IO2508-P-3700,2.6,2.2,2.6
2025-08-01,2025-08-01 09:31:55.000,IO2508-P-3700,2.6,2.2,2.6
2025-08-01,2025-08-01 09:32:03.500,IO2508-P-3700,2.6,2.2,2.6
2025-08-01,2025-08-01 09:32:04.000,IO2508-P-3700,2.6,2.2,2.6
2025-08-01,2025-08-01 09:32:04.500,IO2508-P-3700,2.6,2.2,2.6
2025-08-01,2025-08-01 09:32:06.000,IO2508-P-3700,2.6,2.2,2.6
2025-08-01,2025-08-01 09:32:06.500,IO2508-P-3700,2.6,2.2,2.4
2025-08-01,2025-08-01 09:32:07.000,IO2508-P-3700,2.4,2.4,2.6
2025-08-01,2025-08-01 09:32:07.500,IO2508-P-3700,2.4,2.2,2.4
2025-08-01,2025-08-01 09:32:08.000,IO2508-P-3700,2.4,2.2,2.6
2025-08-01,2025-08-01 09:32:08.500,IO2508-P-3700,2.4,2.2,2.6
2025-08-01,2025-08-01 09:32:17.500,IO2508-P-3700,2.4,2.2,2.6
2025-08-01,2025-08-01 09:32:25.000,IO2508-P-3700,2.4,2.2,2.6
2025-08-01,2025-08-01 09:32:26.000,IO2508-P-3700,2.4,2.2,2.6
2025-08-01,2025-08-01 09:32:27.500,IO2508-P-3700,2.4,2.2,2.6
2025-08-01,2025-08-01 09:32:30.500,IO2508-P-3700,2.4,2.2,2.6
2025-08-01,2025-08-01 09:32:36.500,IO2508-P-3700,2.4,2.2,2.6
2025-08-01,2025-08-01 09:32:37.000,IO2508-P-3700,2.4,2.2,2.6
2025-08-01,2025-08-01 09:32:37.500,IO2508-P-3700,2.4,2.2,2.6
2025-08-01,2025-08-01 09:32:38.000,IO2508-P-3700,2.4,2.2,2.6
2025-08-01,2025-08-01 09:32:38.500,IO2508-P-3700,2.4,2.2,2.6
2025-08-01,2025-08-01 09:32:40.000,IO2508-P-3700,2.4,2.2,2.6
2025-08-01,2025-08-01 09:32:46.000,IO2508-P-3700,2.4,2.2,2.6
2025-08-01,2025-08-01 09:32:49.000,IO2508-P-3700,2.4,2.2,2.6
2025-08-01,2025-08-01 09:32:50.000,IO2508-P-3700,2.4,2.2,2.6
2025-08-01,2025-08-01 09:32:58.000,IO2508-P-3700,2.4,2.2,2.4
2025-08-01,2025-08-01 09:32:58.500,IO2508-P-3700,2.4,2.2,2.4
2025-08-01,2025-08-01 09:32:59.000,IO2508-P-3700,2.4,2.2,2.4
2025-08-01,2025-08-01 09:33:00.000,IO2508-P-3700,2.4,2.2,2.4
2025-08-01,2025-08-01 09:33:00.500,IO2508-P-3700,2.4,2.2,2.4
2025-08-01,2025-08-01 09:33:01.000,IO2508-P-3700,2.4,2.2,2.4
2025-08-01,2025-08-01 09:33:04.000,IO2508-P-3700,2.4,2.2,2.4
2025-08-01,2025-08-01 09:33:04.500,IO2508-P-3700,2.4,2.2,2.4
2025-08-01,2025-08-01 09:33:06.500,IO2508-P-3700,2.4,2.2,2.4
2025-08-01,2025-08-01 09:33:07.000,IO2508-P-3700,2.4,2.2,2.4
2025-08-01,2025-08-01 09:33:08.500,IO2508-P-3700,2.4,2.2,2.4
2025-08-01,2025-08-01 09:33:09.000,IO2508-P-3700,2.4,2.2,2.4
2025-08-01,2025-08-01 09:33:10.000,IO2508-P-3700,2.4,2.2,2.4
2025-08-01,2025-08-01 09:33:10.500,IO2508-P-3700,2.4,2.2,2.4
2025-08-01,2025-08-01 09:33:12.000,IO2508-P-3700,2.4,2.2,2.4
2025-08-01,2025-08-01 09:33:14.000,IO2508-P-3700,2.4,2.2,2.4
2025-08-01,2025-08-01 09:33:15.500,IO2508-P-3700,2.4,2.2,2.4
2025-08-01,2025-08-01 09:33:16.000,IO2508-P-3700,2.4,2.2,2.4
2025-08-01,2025-08-01 09:33:16.500,IO2508-P-3700,2.4,2.2,2.4
2025-08-01,2025-08-01 09:33:18.000,IO2508-P-3700,2.4,2.2,2.4
2025-08-01,2025-08-01 09:33:23.000,IO2508-P-3700,2.4,2.2,2.4
2025-08-01,2025-08-01 09:33:23.500,IO2508-P-3700,2.4,2.2,2.4
2025-08-01,2025-08-01 09:33:24.000,IO2508-P-3700,2.4,2.2,2.4
2025-08-01,2025-08-01 09:33:24.500,IO2508-P-3700,2.4,2.2,2.4
2025-08-01,2025-08-01 09:33:25.000,IO2508-P-3700,2.4,2.2,2.4
2025-08-01,2025-08-01 09:33:27.000,IO2508-P-3700,2.4,2.2,2.4
2025-08-01,2025-08-01 09:33:29.000,IO2508-P-3700,2.4,2.2,2.4
2025-08-01,2025-08-01 09:33:29.500,IO2508-P-3700,2.4,2.2,2.4
2025-08-01,2025-08-01 09:33:30.000,IO2508-P-3700,2.4,2.2,2.4
2025-08-01,2025-08-01 09:33:36.500,IO2508-P-3700,2.4,2.2,2.4
2025-08-01,2025-08-01 09:33:37.000,IO2508-P-3700,2.4,2.2,2.4
2025-08-01,2025-08-01 09:33:37.500,IO2508-P-3700,2.4,2.2,2.4
2025-08-01,2025-08-01 09:33:39.000,IO2508-P-3700,2.4,2.2,2.4
2025-08-01,2025-08-01 09:33:39.500,IO2508-P-3700,2.4,2.2,2.4
2025-08-01,2025-08-01 09:33:45.000,IO2508-P-3700,2.4,2.2,2.4
2025-08-01,2025-08-01 09:33:54.500,IO2508-P-3700,2.4,2.2,2.4
2025-08-01,2025-08-01 09:33:56.500,IO2508-P-3700,2.4,2.2,2.4
2025-08-01,2025-08-01 09:33:57.000,IO2508-P-3700,2.4,2.2,2.4
2025-08-01,2025-08-01 09:34:03.000,IO2508-P-3700,2.4,2.2,2.4
2025-08-01,2025-08-01 09:34:06.500,IO2508-P-3700,2.4,2.2,2.4
2025-08-01,2025-08-01 09:34:07.000,IO2508-P-3700,2.4,2.2,2.4
2025-08-01,2025-08-01 09:34:08.000,IO2508-P-3700,2.4,2.2,2.4
2025-08-01,2025-08-01 09:34:16.500,IO2508-P-3700,2.4,2.2,2.4
2025-08-01,2025-08-01 09:34:17.000,IO2508-P-3700,2.4,2.2,2.4
2025-08-01,2025-08-01 09:34:28.500,IO2508-P-3700,2.4,2.2,2.4
2025-08-01,2025-08-01 09:34:29.000,IO2508-P-3700,2.4,2.2,2.4
2025-08-01,2025-08-01 09:34:32.000,IO2508-P-3700,2.4,2.2,2.4
2025-08-01,2025-08-01 09:34:32.500,IO2508-P-3700,2.4,2.2,2.4
2025-08-01,2025-08-01 09:34:36.500,IO2508-P-3700,2.4,2.2,2.4
2025-08-01,2025-08-01 09:34:37.000,IO2508-P-3700,2.4,2.2,2.4
2025-08-01,2025-08-01 09:34:37.500,IO2508-P-3700,2.4,2.2,2.4
2025-08-01,2025-08-01 09:34:45.500,IO2508-P-3700,2.4,2.2,2.4
2025-08-01,2025-08-01 09:34:46.000,IO2508-P-3700,2.4,2.2,2.4
2025-08-01,2025-08-01 09:34:48.000,IO2508-P-3700,2.4,2.2,2.4
2025-08-01,2025-08-01 09:34:50.000,IO2508-P-3700,2.4,2.2,2.4
2025-08-01,2025-08-01 09:35:02.000,IO2508-P-3700,2.4,2.2,2.4
2025-08-01,2025-08-01 09:35:04.000,IO2508-P-3700,2.4,2.2,2.4
2025-08-01,2025-08-01 09:35:06.000,IO2508-P-3700,2.4,2.2,2.4
2025-08-01,2025-08-01 09:35:06.500,IO2508-P-3700,2.4,2.2,2.4
2025-08-01,2025-08-01 09:35:07.000,IO2508-P-3700,2.4,2.2,2.4
2025-08-01,2025-08-01 09:35:29.000,IO2508-P-3700,2.4,2.2,2.4
2025-08-01,2025-08-01 09:35:36.500,IO2508-P-3700,2.4,2.2,2.4
2025-08-01,2025-08-01 09:35:37.000,IO2508-P-3700,2.4,2.2,2.4
2025-08-01,2025-08-01 09:35:37.500,IO2508-P-3700,2.4,2.2,2.4
2025-08-01,2025-08-01 09:35:53.000,IO2508-P-3700,2.4,2.2,2.4
2025-08-01,2025-08-01 09:35:54.500,IO2508-P-3700,2.4,2.2,2.4
2025-08-01,2025-08-01 09:35:55.000,IO2508-P-3700,2.4,2.2,2.4
2025-08-01,2025-08-01 09:35:56.500,IO2508-P-3700,2.4,2.2,2.4
2025-08-01,2025-08-01 09:35:57.000,IO2508-P-3700,2.4,2.2,2.4
2025-08-01,2025-08-01 09:36:00.000,IO2508-P-3700,2.4,2.2,2.4
2025-08-01,2025-08-01 09:36:00.500,IO2508-P-3700,2.4,2.2,2.4
2025-08-01,2025-08-01 09:36:02.500,IO2508-P-3700,2.4,2.2,2.4
2025-08-01,2025-08-01 09:36:03.000,IO2508-P-3700,2.4,2.2,2.4
2025-08-01,2025-08-01 09:36:03.500,IO2508-P-3700,2.4,2.2,2.4
2025-08-01,2025-08-01 09:36:04.000,IO2508-P-3700,2.4,2.2,2.4
2025-08-01,2025-08-01 09:36:06.500,IO2508-P-3700,2.4,2.2,2.4
2025-08-01,2025-08-01 09:36:07.000,IO2508-P-3700,2.4,2.2,2.4
2025-08-01,2025-08-01 09:36:12.500,IO2508-P-3700,2.4,2.2,2.4
2025-08-01,2025-08-01 09:36:13.000,IO2508-P-3700,2.4,2.2,2.4
2025-08-01,2025-08-01 09:36:13.500,IO2508-P-3700,2.4,2.2,2.4
2025-08-01,2025-08-01 09:36:14.000,IO2508-P-3700,2.4,2.2,2.4
2025-08-01,2025-08-01 09:36:14.500,IO2508-P-3700,2.4,2.2,2.4
2025-08-01,2025-08-01 09:36:15.500,IO2508-P-3700,2.4,2.2,2.4
2025-08-01,2025-08-01 09:36:24.500,IO2508-P-3700,2.4,2.2,2.4
2025-08-01,2025-08-01 09:36:28.000,IO2508-P-3700,2.4,2.2,2.4
2025-08-01,2025-08-01 09:36:31.500,IO2508-P-3700,2.4,2.2,2.4
2025-08-01,2025-08-01 09:36:32.000,IO2508-P-3700,2.4,2.2,2.4
2025-08-01,2025-08-01 09:36:35.000,IO2508-P-3700,2.4,2.2,2.4
2025-08-01,2025-08-01 09:36:35.500,IO2508-P-3700,2.4,2.2,2.4
2025-08-01,2025-08-01 09:36:36.500,IO2508-P-3700,2.4,2.2,2.4
2025-08-01,2025-08-01 09:36:37.000,IO2508-P-3700,2.4,2.2,2.4
2025-08-01,2025-08-01 09:36:37.500,IO2508-P-3700,2.4,2.2,2.4
2025-08-01,2025-08-01 09:36:38.000,IO2508-P-3700,2.4,2.2,2.4
2025-08-01,2025-08-01 09:36:44.500,IO2508-P-3700,2.4,2.2,2.4
2025-08-01,2025-08-01 09:36:45.000,IO2508-P-3700,2.4,2.2,2.4
2025-08-01,2025-08-01 09:37:03.000,IO2508-P-3700,2.4,2.2,2.4
2025-08-01,2025-08-01 09:37:03.500,IO2508-P-3700,2.4,2.2,2.4
2025-08-01,2025-08-01 09:37:04.500,IO2508-P-3700,2.4,2.2,2.4
2025-08-01,2025-08-01 09:37:05.500,IO2508-P-3700,2.4,2.2,2.4
2025-08-01,2025-08-01 09:37:06.000,IO2508-P-3700,2.4,2.2,2.4
2025-08-01,2025-08-01 09:37:06.500,IO2508-P-3700,2.4,2.2,2.4
2025-08-01,2025-08-01 09:37:07.000,IO2508-P-3700,2.4,2.2,2.4
2025-08-01,2025-08-01 09:37:09.000,IO2508-P-3700,2.4,2.2,2.4
2025-08-01,2025-08-01 09:37:10.500,IO2508-P-3700,2.4,2.2,2.4
2025-08-01,2025-08-01 09:37:26.000,IO2508-P-3700,2.4,2.2,2.4
2025-08-01,2025-08-01 09:37:36.500,IO2508-P-3700,2.4,2.2,2.4
2025-08-01,2025-08-01 09:37:37.000,IO2508-P-3700,2.4,2.2,2.4
2025-08-01,2025-08-01 09:37:58.000,IO2508-P-3700,2.4,2.2,2.4
2025-08-01,2025-08-01 09:37:59.000,IO2508-P-3700,2.2,2.2,2.4
2025-08-01,2025-08-01 09:37:59.500,IO2508-P-3700,2.2,2.2,2.4
2025-08-01,2025-08-01 09:38:00.000,IO2508-P-3700,2.2,2.2,2.4
2025-08-01,2025-08-01 09:38:06.500,IO2508-P-3700,2.2,2.2,2.4
2025-08-01,2025-08-01 09:38:07.000,IO2508-P-3700,2.2,2.2,2.4
2025-08-01,2025-08-01 09:38:10.000,IO2508-P-3700,2.2,2.2,2.4
2025-08-01,2025-08-01 09:38:12.000,IO2508-P-3700,2.2,2.2,2.4
2025-08-01,2025-08-01 09:38:19.000,IO2508-P-3700,2.2,2.2,2.4
2025-08-01,2025-08-01 09:38:31.500,IO2508-P-3700,2.2,2.2,2.4
2025-08-01,2025-08-01 09:38:36.500,IO2508-P-3700,2.2,2.2,2.4
2025-08-01,2025-08-01 09:38:37.000,IO2508-P-3700,2.2,2.2,2.4
2025-08-01,2025-08-01 09:38:42.500,IO2508-P-3700,2.2,2.2,2.4
2025-08-01,2025-08-01 09:39:06.500,IO2508-P-3700,2.2,2.2,2.4
2025-08-01,2025-08-01 09:39:07.000,IO2508-P-3700,2.2,2.2,2.4
2025-08-01,2025-08-01 09:39:08.500,IO2508-P-3700,2.2,2.2,2.4
2025-08-01,2025-08-01 09:39:36.500,IO2508-P-3700,2.2,2.2,2.4
2025-08-01,2025-08-01 09:39:37.000,IO2508-P-3700,2.2,2.2,2.4
2025-08-01,2025-08-01 09:39:54.000,IO2508-P-3700,2.2,2.2,2.4
2025-08-01,2025-08-01 09:40:02.500,IO2508-P-3700,2.2,2.2,2.4
2025-08-01,2025-08-01 09:40:06.500,IO2508-P-3700,2.2,2.2,2.4
2025-08-01,2025-08-01 09:40:07.000,IO2508-P-3700,2.2,2.2,2.4
2025-08-01,2025-08-01 09:40:07.500,IO2508-P-3700,2.2,2.2,2.4
2025-08-01,2025-08-01 09:40:12.000,IO2508-P-3700,2.2,2.2,2.4
2025-08-01,2025-08-01 09:40:14.000,IO2508-P-3700,2.2,2.2,2.4
2025-08-01,2025-08-01 09:40:16.000,IO2508-P-3700,2.2,2.2,2.4
2025-08-01,2025-08-01 09:40:21.000,IO2508-P-3700,2.2,2.2,2.4
2025-08-01,2025-08-01 09:40:25.500,IO2508-P-3700,2.2,2.2,2.4
2025-08-01,2025-08-01 09:40:36.500,IO2508-P-3700,2.2,2.2,2.4
2025-08-01,2025-08-01 09:40:37.000,IO2508-P-3700,2.2,2.2,2.4
2025-08-01,2025-08-01 09:40:41.000,IO2508-P-3700,2.2,2.2,2.4
2025-08-01,2025-08-01 09:40:41.500,IO2508-P-3700,2.2,2.2,2.4
2025-08-01,2025-08-01 09:40:42.000,IO2508-P-3700,2.2,2.2,2.4
2025-08-01,2025-08-01 09:40:42.500,IO2508-P-3700,2.2,2.2,2.4
2025-08-01,2025-08-01 09:40:43.000,IO2508-P-3700,2.2,2.2,2.4
2025-08-01,2025-08-01 09:40:45.000,IO2508-P-3700,2.2,2.2,2.4
2025-08-01,2025-08-01 09:40:49.000,IO2508-P-3700,2.2,2.2,2.4
2025-08-01,2025-08-01 09:40:50.000,IO2508-P-3700,2.2,2.2,2.4
2025-08-01,2025-08-01 09:40:54.500,IO2508-P-3700,2.2,2.2,2.4
2025-08-01,2025-08-01 09:40:57.500,IO2508-P-3700,2.2,2.2,2.4
2025-08-01,2025-08-01 09:41:06.500,IO2508-P-3700,2.2,2.2,2.4
2025-08-01,2025-08-01 09:41:07.000,IO2508-P-3700,2.2,2.2,2.4
2025-08-01,2025-08-01 09:41:07.500,IO2508-P-3700,2.2,2.2,2.4
2025-08-01,2025-08-01 09:41:36.500,IO2508-P-3700,2.2,2.2,2.4
2025-08-01,2025-08-01 09:41:37.000,IO2508-P-3700,2.2,2.2,2.4
2025-08-01,2025-08-01 09:41:37.500,IO2508-P-3700,2.2,2.2,2.4
2025-08-01,2025-08-01 09:41:44.500,IO2508-P-3700,2.2,2.2,2.4
2025-08-01,2025-08-01 09:41:45.500,IO2508-P-3700,2.2,2.2,2.4
2025-08-01,2025-08-01 09:41:55.000,IO2508-P-3700,2.2,2.2,2.4
2025-08-01,2025-08-01 09:42:06.500,IO2508-P-3700,2.2,2.2,2.4
2025-08-01,2025-08-01 09:42:07.000,IO2508-P-3700,2.2,2.2,2.4
2025-08-01,2025-08-01 09:42:07.500,IO2508-P-3700,2.2,2.2,2.4
2025-08-01,2025-08-01 09:42:14.000,IO2508-P-3700,2.2,2.2,2.4
2025-08-01,2025-08-01 09:42:14.500,IO2508-P-3700,2.2,2.2,2.4
2025-08-01,2025-08-01 09:42:20.500,IO2508-P-3700,2.2,2.2,2.4
2025-08-01,2025-08-01 09:42:22.000,IO2508-P-3700,2.2,2.2,2.4
2025-08-01,2025-08-01 09:42:25.000,IO2508-P-3700,2.2,2.2,2.4
2025-08-01,2025-08-01 09:42:28.500,IO2508-P-3700,2.2,2.2,2.4
2025-08-01,2025-08-01 09:42:32.000,IO2508-P-3700,2.2,2.2,2.4
2025-08-01,2025-08-01 09:42:33.000,IO2508-P-3700,2.2,2.2,2.4
2025-08-01,2025-08-01 09:42:34.500,IO2508-P-3700,2.2,2.2,2.4
2025-08-01,2025-08-01 09:42:36.500,IO2508-P-3700,2.2,2.2,2.4
2025-08-01,2025-08-01 09:42:37.000,IO2508-P-3700,2.2,2.2,2.4
2025-08-01,2025-08-01 09:42:37.500,IO2508-P-3700,2.2,2.2,2.4
2025-08-01,2025-08-01 09:42:55.000,IO2508-P-3700,2.2,2.2,2.4
2025-08-01,2025-08-01 09:42:57.500,IO2508-P-3700,2.2,2.2,2.4
2025-08-01,2025-08-01 09:43:06.500,IO2508-P-3700,2.2,2.2,2.4
2025-08-01,2025-08-01 09:43:07.000,IO2508-P-3700,2.2,2.2,2.4
2025-08-01,2025-08-01 09:43:07.500,IO2508-P-3700,2.2,2.2,2.4
2025-08-01,2025-08-01 09:43:12.000,IO2508-P-3700,2.2,2.2,2.4
2025-08-01,2025-08-01 09:43:14.500,IO2508-P-3700,2.2,2.2,2.4
2025-08-01,2025-08-01 09:43:20.000,IO2508-P-3700,2.2,2.2,2.4
2025-08-01,2025-08-01 09:43:31.000,IO2508-P-3700,2.2,2.2,2.4
2025-08-01,2025-08-01 09:43:32.000,IO2508-P-3700,2.2,2.2,2.4
2025-08-01,2025-08-01 09:43:36.500,IO2508-P-3700,2.2,2.2,2.4
2025-08-01,2025-08-01 09:43:37.000,IO2508-P-3700,2.2,2.2,2.4
2025-08-01,2025-08-01 09:43:40.000,IO2508-P-3700,2.2,2.2,2.4
2025-08-01,2025-08-01 09:44:06.500,IO2508-P-3700,2.2,2.2,2.4
2025-08-01,2025-08-01 09:44:07.000,IO2508-P-3700,2.2,2.2,2.4
2025-08-01,2025-08-01 09:44:07.500,IO2508-P-3700,2.2,2.2,2.4
2025-08-01,2025-08-01 09:44:36.500,IO2508-P-3700,2.2,2.2,2.4
2025-08-01,2025-08-01 09:44:37.000,IO2508-P-3700,2.2,2.2,2.4
2025-08-01,2025-08-01 09:44:37.500,IO2508-P-3700,2.2,2.2,2.4
2025-08-01,2025-08-01 09:44:52.000,IO2508-P-3700,2.2,2.2,2.4
2025-08-01,2025-08-01 09:45:06.000,IO2508-P-3700,2.2,2.2,2.4
2025-08-01,2025-08-01 09:45:06.500,IO2508-P-3700,2.2,2.2,2.4
2025-08-01,2025-08-01 09:45:07.000,IO2508-P-3700,2.2,2.2,2.4
2025-08-01,2025-08-01 09:45:07.500,IO2508-P-3700,2.2,2.2,2.4
2025-08-01,2025-08-01 09:45:10.000,IO2508-P-3700,2.2,2.2,2.4
2025-08-01,2025-08-01 09:45:12.000,IO2508-P-3700,2.2,2.2,2.4
2025-08-01,2025-08-01 09:45:12.500,IO2508-P-3700,2.2,2.2,2.4
2025-08-01,2025-08-01 09:45:19.000,IO2508-P-3700,2.2,2.2,2.4
2025-08-01,2025-08-01 09:45:20.000,IO2508-P-3700,2.2,2.2,2.4
2025-08-01,2025-08-01 09:45:27.000,IO2508-P-3700,2.2,2.2,2.4
2025-08-01,2025-08-01 09:45:33.500,IO2508-P-3700,2.2,2.2,2.4
2025-08-01,2025-08-01 09:45:36.500,IO2508-P-3700,2.2,2.2,2.4
2025-08-01,2025-08-01 09:45:37.000,IO2508-P-3700,2.2,2.2,2.4
2025-08-01,2025-08-01 09:45:37.500,IO2508-P-3700,2.2,2.2,2.4
2025-08-01,2025-08-01 09:46:04.500,IO2508-P-3700,2.2,2.2,2.4
2025-08-01,2025-08-01 09:46:06.500,IO2508-P-3700,2.2,2.2,2.4
2025-08-01,2025-08-01 09:46:07.000,IO2508-P-3700,2.2,2.2,2.4
2025-08-01,2025-08-01 09:46:07.500,IO2508-P-3700,2.2,2.2,2.4
2025-08-01,2025-08-01 09:46:10.500,IO2508-P-3700,2.2,2.2,2.4
2025-08-01,2025-08-01 09:46:14.000,IO2508-P-3700,2.2,2.2,2.4
2025-08-01,2025-08-01 09:46:26.000,IO2508-P-3700,2.2,2.2,2.4
2025-08-01,2025-08-01 09:46:26.500,IO2508-P-3700,2.2,2.2,2.4
2025-08-01,2025-08-01 09:46:27.000,IO2508-P-3700,2.2,2.2,2.4
2025-08-01,2025-08-01 09:46:27.500,IO2508-P-3700,2.2,2.2,2.4
2025-08-01,2025-08-01 09:46:36.500,IO2508-P-3700,2.2,2.2,2.4
2025-08-01,2025-08-01 09:46:37.000,IO2508-P-3700,2.2,2.2,2.4
2025-08-01,2025-08-01 09:46:44.500,IO2508-P-3700,2.2,2.2,2.4
2025-08-01,2025-08-01 09:46:46.500,IO2508-P-3700,2.2,2.2,2.4
2025-08-01,2025-08-01 09:46:53.000,IO2508-P-3700,2.2,2.2,2.4
2025-08-01,2025-08-01 09:46:53.500,IO2508-P-3700,2.2,2.2,2.4
2025-08-01,2025-08-01 09:46:54.500,IO2508-P-3700,2.2,2.2,2.4
2025-08-01,2025-08-01 09:46:55.000,IO2508-P-3700,2.2,2.2,2.4
2025-08-01,2025-08-01 09:46:57.000,IO2508-P-3700,2.2,2.2,2.4
2025-08-01,2025-08-01 09:46:58.000,IO2508-P-3700,2.2,2.2,2.4
2025-08-01,2025-08-01 09:47:03.000,IO2508-P-3700,2.2,2.2,2.4
2025-08-01,2025-08-01 09:47:04.000,IO2508-P-3700,2.2,2.2,2.4
2025-08-01,2025-08-01 09:47:05.000,IO2508-P-3700,2.2,2.2,2.4
2025-08-01,2025-08-01 09:47:05.500,IO2508-P-3700,2.2,2.2,2.4
2025-08-01,2025-08-01 09:47:06.500,IO2508-P-3700,2.2,2.2,2.4
2025-08-01,2025-08-01 09:47:07.000,IO2508-P-3700,2.2,2.2,2.4
2025-08-01,2025-08-01 09:47:12.000,IO2508-P-3700,2.2,2.2,2.4
2025-08-01,2025-08-01 09:47:30.000,IO2508-P-3700,2.2,2.2,2.4
2025-08-01,2025-08-01 09:47:36.500,IO2508-P-3700,2.2,2.2,2.4
2025-08-01,2025-08-01 09:47:37.000,IO2508-P-3700,2.2,2.2,2.4
2025-08-01,2025-08-01 09:47:38.000,IO2508-P-3700,2.2,2.2,2.4
2025-08-01,2025-08-01 09:47:44.000,IO2508-P-3700,2.2,2.2,2.4
2025-08-01,2025-08-01 09:47:47.500,IO2508-P-3700,2.2,2.2,2.4
2025-08-01,2025-08-01 09:48:03.000,IO2508-P-3700,2.2,2.2,2.4
2025-08-01,2025-08-01 09:48:04.000,IO2508-P-3700,2.2,2.2,2.4
2025-08-01,2025-08-01 09:48:05.000,IO2508-P-3700,2.2,2.2,2.4
2025-08-01,2025-08-01 09:48:05.500,IO2508-P-3700,2.2,2.2,2.4
2025-08-01,2025-08-01 09:48:06.500,IO2508-P-3700,2.2,2.2,2.4
2025-08-01,2025-08-01 09:48:07.000,IO2508-P-3700,2.2,2.2,2.4
2025-08-01,2025-08-01 09:48:08.000,IO2508-P-3700,2.2,2.2,2.4
2025-08-01,2025-08-01 09:48:14.500,IO2508-P-3700,2.2,2.2,2.4
2025-08-01,2025-08-01 09:48:19.000,IO2508-P-3700,2.2,2.2,2.4
2025-08-01,2025-08-01 09:48:20.000,IO2508-P-3700,2.2,2.2,2.4
2025-08-01,2025-08-01 09:48:36.500,IO2508-P-3700,2.2,2.2,2.4
2025-08-01,2025-08-01 09:48:37.000,IO2508-P-3700,2.2,2.2,2.4
2025-08-01,2025-08-01 09:48:37.500,IO2508-P-3700,2.2,2.2,2.4
2025-08-01,2025-08-01 09:48:55.000,IO2508-P-3700,2.2,2.2,2.4
2025-08-01,2025-08-01 09:48:58.500,IO2508-P-3700,2.2,2.2,2.4
2025-08-01,2025-08-01 09:49:01.000,IO2508-P-3700,2.2,2.2,2.4
2025-08-01,2025-08-01 09:49:08.000,IO2508-P-3700,2.2,2.2,2.4
2025-08-01,2025-08-01 09:49:08.500,IO2508-P-3700,2.2,2.2,2.4
2025-08-01,2025-08-01 09:49:14.000,IO2508-P-3700,2.2,2.2,2.4
2025-08-01,2025-08-01 09:49:19.000,IO2508-P-3700,2.2,2.2,2.4
2025-08-01,2025-08-01 09:49:28.500,IO2508-P-3700,2.2,2.2,2.4
2025-08-01,2025-08-01 09:49:29.000,IO2508-P-3700,2.2,2.2,2.4
2025-08-01,2025-08-01 09:49:31.000,IO2508-P-3700,2.2,2.2,2.4
2025-08-01,2025-08-01 09:49:32.500,IO2508-P-3700,2.2,2.2,2.4
2025-08-01,2025-08-01 09:49:36.500,IO2508-P-3700,2.2,2.2,2.4
2025-08-01,2025-08-01 09:49:37.000,IO2508-P-3700,2.2,2.2,2.4
2025-08-01,2025-08-01 09:49:58.000,IO2508-P-3700,2.2,2.2,2.4
2025-08-01,2025-08-01 09:49:58.500,IO2508-P-3700,2.2,2.2,2.4
2025-08-01,2025-08-01 09:49:59.000,IO2508-P-3700,2.2,2.2,2.4
2025-08-01,2025-08-01 09:50:04.500,IO2508-P-3700,2.2,2.2,2.4
2025-08-01,2025-08-01 09:50:06.500,IO2508-P-3700,2.2,2.2,2.4
2025-08-01,2025-08-01 09:50:07.000,IO2508-P-3700,2.2,2.2,2.4
2025-08-01,2025-08-01 09:50:11.000,IO2508-P-3700,2.2,2.2,2.4
2025-08-01,2025-08-01 09:50:13.000,IO2508-P-3700,2.2,2.2,2.4
2025-08-01,2025-08-01 09:50:13.500,IO2508-P-3700,2.2,2.2,2.4
2025-08-01,2025-08-01 09:50:18.000,IO2508-P-3700,2.2,2.2,2.4
2025-08-01,2025-08-01 09:50:18.500,IO2508-P-3700,2.2,2.2,2.4
2025-08-01,2025-08-01 09:50:19.500,IO2508-P-3700,2.2,2.2,2.4
2025-08-01,2025-08-01 09:50:21.000,IO2508-P-3700,2.2,2.2,2.4
2025-08-01,2025-08-01 09:50:21.500,IO2508-P-3700,2.2,2.2,2.4
2025-08-01,2025-08-01 09:50:22.000,IO2508-P-3700,2.2,2.2,2.4
2025-08-01,2025-08-01 09:50:22.500,IO2508-P-3700,2.2,2.2,2.4
2025-08-01,2025-08-01 09:50:30.500,IO2508-P-3700,2.2,2.2,2.4
2025-08-01,2025-08-01 09:50:31.000,IO2508-P-3700,2.2,2.2,2.4
2025-08-01,2025-08-01 09:50:36.500,IO2508-P-3700,2.2,2.2,2.4
2025-08-01,2025-08-01 09:50:37.000,IO2508-P-3700,2.2,2.2,2.4
2025-08-01,2025-08-01 09:50:37.500,IO2508-P-3700,2.2,2.2,2.4
2025-08-01,2025-08-01 09:50:38.000,IO2508-P-3700,2.2,2.2,2.4
2025-08-01,2025-08-01 09:50:42.000,IO2508-P-3700,2.2,2.2,2.4
2025-08-01,2025-08-01 09:50:42.500,IO2508-P-3700,2.2,2.2,2.4
2025-08-01,2025-08-01 09:51:06.500,IO2508-P-3700,2.2,2.2,2.4
2025-08-01,2025-08-01 09:51:07.000,IO2508-P-3700,2.2,2.2,2.4
2025-08-01,2025-08-01 09:51:22.500,IO2508-P-3700,2.2,2.2,2.4
2025-08-01,2025-08-01 09:51:30.000,IO2508-P-3700,2.2,2.2,2.4
2025-08-01,2025-08-01 09:51:33.000,IO2508-P-3700,2.2,2.2,2.4
2025-08-01,2025-08-01 09:51:36.500,IO2508-P-3700,2.2,2.2,2.4
2025-08-01,2025-08-01 09:51:37.000,IO2508-P-3700,2.2,2.2,2.4
2025-08-01,2025-08-01 09:51:47.500,IO2508-P-3700,2.2,2.2,2.4
2025-08-01,2025-08-01 09:51:52.500,IO2508-P-3700,2.2,2.2,2.4
2025-08-01,2025-08-01 09:51:57.500,IO2508-P-3700,2.2,2.2,2.4
2025-08-01,2025-08-01 09:52:06.000,IO2508-P-3700,2.2,2.2,2.4
2025-08-01,2025-08-01 09:52:06.500,IO2508-P-3700,2.2,2.2,2.4
2025-08-01,2025-08-01 09:52:07.000,IO2508-P-3700,2.2,2.2,2.4
2025-08-01,2025-08-01 09:52:09.500,IO2508-P-3700,2.2,2.2,2.4
2025-08-01,2025-08-01 09:52:10.000,IO2508-P-3700,2.2,2.2,2.4
2025-08-01,2025-08-01 09:52:11.500,IO2508-P-3700,2.2,2.2,2.4
2025-08-01,2025-08-01 09:52:12.000,IO2508-P-3700,2.2,2.2,2.4
2025-08-01,2025-08-01 09:52:12.500,IO2508-P-3700,2.2,2.2,2.4
2025-08-01,2025-08-01 09:52:13.000,IO2508-P-3700,2.2,2.2,2.4
2025-08-01,2025-08-01 09:52:13.500,IO2508-P-3700,2.2,2.2,2.4
2025-08-01,2025-08-01 09:52:17.000,IO2508-P-3700,2.2,2.2,2.4
2025-08-01,2025-08-01 09:52:17.500,IO2508-P-3700,2.2,2.2,2.4
2025-08-01,2025-08-01 09:52:21.500,IO2508-P-3700,2.2,2.2,2.4
2025-08-01,2025-08-01 09:52:22.000,IO2508-P-3700,2.2,2.2,2.4
2025-08-01,2025-08-01 09:52:24.000,IO2508-P-3700,2.2,2.2,2.4
2025-08-01,2025-08-01 09:52:36.500,IO2508-P-3700,2.2,2.2,2.4
2025-08-01,2025-08-01 09:52:37.000,IO2508-P-3700,2.2,2.2,2.4
2025-08-01,2025-08-01 09:53:06.500,IO2508-P-3700,2.2,2.2,2.4
2025-08-01,2025-08-01 09:53:07.000,IO2508-P-3700,2.2,2.2,2.4
2025-08-01,2025-08-01 09:53:36.500,IO2508-P-3700,2.2,2.2,2.4
2025-08-01,2025-08-01 09:53:37.000,IO2508-P-3700,2.2,2.2,2.4
2025-08-01,2025-08-01 09:53:42.500,IO2508-P-3700,2.2,2.2,2.4
2025-08-01,2025-08-01 09:53:44.000,IO2508-P-3700,2.2,2.2,2.4
2025-08-01,2025-08-01 09:54:06.500,IO2508-P-3700,2.2,2.2,2.4
2025-08-01,2025-08-01 09:54:07.000,IO2508-P-3700,2.2,2.2,2.4
2025-08-01,2025-08-01 09:54:07.500,IO2508-P-3700,2.2,2.2,2.4
2025-08-01,2025-08-01 09:54:12.000,IO2508-P-3700,2.2,2.2,2.4
2025-08-01,2025-08-01 09:54:12.500,IO2508-P-3700,2.2,2.2,2.4
2025-08-01,2025-08-01 09:54:14.000,IO2508-P-3700,2.2,2.2,2.4
2025-08-01,2025-08-01 09:54:32.500,IO2508-P-3700,2.2,2.2,2.4
2025-08-01,2025-08-01 09:54:33.000,IO2508-P-3700,2.2,2.2,2.4
2025-08-01,2025-08-01 09:54:34.000,IO2508-P-3700,2.2,2.2,2.4
2025-08-01,2025-08-01 09:54:35.000,IO2508-P-3700,2.2,2.2,2.4
2025-08-01,2025-08-01 09:54:35.500,IO2508-P-3700,2.2,2.2,2.4
2025-08-01,2025-08-01 09:54:36.000,IO2508-P-3700,2.2,2.2,2.4
2025-08-01,2025-08-01 09:54:36.500,IO2508-P-3700,2.2,2.2,2.4
2025-08-01,2025-08-01 09:54:37.000,IO2508-P-3700,2.2,2.2,2.4
2025-08-01,2025-08-01 09:54:37.500,IO2508-P-3700,2.2,2.2,2.4
2025-08-01,2025-08-01 09:54:38.000,IO2508-P-3700,2.2,2.2,2.4
2025-08-01,2025-08-01 09:54:38.500,IO2508-P-3700,2.2,2.2,2.4
2025-08-01,2025-08-01 09:54:41.000,IO2508-P-3700,2.2,2.2,2.4
2025-08-01,2025-08-01 09:54:41.500,IO2508-P-3700,2.2,2.2,2.4
2025-08-01,2025-08-01 09:54:42.500,IO2508-P-3700,2.2,2.2,2.4
2025-08-01,2025-08-01 09:54:43.500,IO2508-P-3700,2.2,2.2,2.4
2025-08-01,2025-08-01 09:54:44.000,IO2508-P-3700,2.2,2.2,2.4
2025-08-01,2025-08-01 09:54:44.500,IO2508-P-3700,2.2,2.2,2.4
2025-08-01,2025-08-01 09:54:47.500,IO2508-P-3700,2.2,2.2,2.4
2025-08-01,2025-08-01 09:54:48.000,IO2508-P-3700,2.2,2.2,2.4
2025-08-01,2025-08-01 09:54:50.500,IO2508-P-3700,2.2,2.2,2.4
2025-08-01,2025-08-01 09:55:03.000,IO2508-P-3700,2.2,2.2,2.4
2025-08-01,2025-08-01 09:55:06.500,IO2508-P-3700,2.2,2.2,2.4
2025-08-01,2025-08-01 09:55:07.000,IO2508-P-3700,2.2,2.2,2.4
2025-08-01,2025-08-01 09:55:08.000,IO2508-P-3700,2.2,2.2,2.4
2025-08-01,2025-08-01 09:55:24.000,IO2508-P-3700,2.2,2.2,2.4
2025-08-01,2025-08-01 09:55:24.500,IO2508-P-3700,2.2,2.2,2.4
2025-08-01,2025-08-01 09:55:28.000,IO2508-P-3700,2.2,2.2,2.4
2025-08-01,2025-08-01 09:55:36.500,IO2508-P-3700,2.2,2.2,2.4
2025-08-01,2025-08-01 09:55:37.000,IO2508-P-3700,2.2,2.2,2.4
2025-08-01,2025-08-01 09:55:37.500,IO2508-P-3700,2.2,2.2,2.4
2025-08-01,2025-08-01 09:55:42.000,IO2508-P-3700,2.2,2.2,2.4
2025-08-01,2025-08-01 09:55:42.500,IO2508-P-3700,2.2,2.2,2.4
2025-08-01,2025-08-01 09:55:59.500,IO2508-P-3700,2.2,2.2,2.4
2025-08-01,2025-08-01 09:56:00.000,IO2508-P-3700,2.2,2.2,2.4
2025-08-01,2025-08-01 09:56:00.500,IO2508-P-3700,2.2,2.2,2.4
2025-08-01,2025-08-01 09:56:01.000,IO2508-P-3700,2.2,2.2,2.4
2025-08-01,2025-08-01 09:56:06.500,IO2508-P-3700,2.2,2.2,2.4
2025-08-01,2025-08-01 09:56:07.000,IO2508-P-3700,2.2,2.2,2.4
2025-08-01,2025-08-01 09:56:11.500,IO2508-P-3700,2.2,2.2,2.4
2025-08-01,2025-08-01 09:56:12.500,IO2508-P-3700,2.2,2.2,2.4
2025-08-01,2025-08-01 09:56:15.000,IO2508-P-3700,2.2,2.2,2.4
2025-08-01,2025-08-01 09:56:15.500,IO2508-P-3700,2.2,2.2,2.4
2025-08-01,2025-08-01 09:56:17.500,IO2508-P-3700,2.2,2.2,2.4
2025-08-01,2025-08-01 09:56:18.000,IO2508-P-3700,2.2,2.2,2.4
2025-08-01,2025-08-01 09:56:19.000,IO2508-P-3700,2.2,2.2,2.4
2025-08-01,2025-08-01 09:56:21.000,IO2508-P-3700,2.2,2.2,2.4
2025-08-01,2025-08-01 09:56:21.500,IO2508-P-3700,2.2,2.2,2.4
2025-08-01,2025-08-01 09:56:27.000,IO2508-P-3700,2.2,2.2,2.4
2025-08-01,2025-08-01 09:56:33.000,IO2508-P-3700,2.2,2.2,2.4
2025-08-01,2025-08-01 09:56:33.500,IO2508-P-3700,2.2,2.2,2.4
2025-08-01,2025-08-01 09:56:36.500,IO2508-P-3700,2.2,2.2,2.4
2025-08-01,2025-08-01 09:56:37.000,IO2508-P-3700,2.2,2.2,2.4
2025-08-01,2025-08-01 09:56:37.500,IO2508-P-3700,2.2,2.2,2.4
2025-08-01,2025-08-01 09:56:38.000,IO2508-P-3700,2.2,2.2,2.4
2025-08-01,2025-08-01 09:56:40.500,IO2508-P-3700,2.2,2.2,2.4
2025-08-01,2025-08-01 09:56:49.000,IO2508-P-3700,2.2,2.2,2.4
2025-08-01,2025-08-01 09:56:49.500,IO2508-P-3700,2.2,2.2,2.4
2025-08-01,2025-08-01 09:56:53.500,IO2508-P-3700,2.2,2.2,2.4
2025-08-01,2025-08-01 09:57:06.500,IO2508-P-3700,2.2,2.2,2.4
2025-08-01,2025-08-01 09:57:07.000,IO2508-P-3700,2.2,2.2,2.4
2025-08-01,2025-08-01 09:57:07.500,IO2508-P-3700,2.2,2.2,2.4
2025-08-01,2025-08-01 09:57:29.000,IO2508-P-3700,2.2,2.2,2.4
2025-08-01,2025-08-01 09:57:36.500,IO2508-P-3700,2.2,2.2,2.4
2025-08-01,2025-08-01 09:57:37.000,IO2508-P-3700,2.2,2.2,2.4
2025-08-01,2025-08-01 09:57:43.000,IO2508-P-3700,2.2,2.2,2.4
2025-08-01,2025-08-01 09:57:48.000,IO2508-P-3700,2.2,2.2,2.4
2025-08-01,2025-08-01 09:57:48.500,IO2508-P-3700,2.2,2.2,2.4
2025-08-01,2025-08-01 09:57:53.500,IO2508-P-3700,2.2,2.2,2.4
2025-08-01,2025-08-01 09:57:54.000,IO2508-P-3700,2.2,2.2,2.4
2025-08-01,2025-08-01 09:58:06.500,IO2508-P-3700,2.2,2.2,2.4
2025-08-01,2025-08-01 09:58:07.000,IO2508-P-3700,2.2,2.2,2.4
2025-08-01,2025-08-01 09:58:07.500,IO2508-P-3700,2.2,2.2,2.4
2025-08-01,2025-08-01 09:58:30.000,IO2508-P-3700,2.2,2.2,2.4
2025-08-01,2025-08-01 09:58:36.000,IO2508-P-3700,2.2,2.2,2.4
2025-08-01,2025-08-01 09:58:36.500,IO2508-P-3700,2.2,2.2,2.4
2025-08-01,2025-08-01 09:58:37.000,IO2508-P-3700,2.2,2.2,2.4
2025-08-01,2025-08-01 09:59:06.500,IO2508-P-3700,2.2,2.2,2.4
2025-08-01,2025-08-01 09:59:07.000,IO2508-P-3700,2.2,2.2,2.4
2025-08-01,2025-08-01 09:59:30.000,IO2508-P-3700,2.2,2.2,2.4
2025-08-01,2025-08-01 09:59:31.000,IO2508-P-3700,2.2,2.2,2.4
2025-08-01,2025-08-01 09:59:36.500,IO2508-P-3700,2.2,2.2,2.4
2025-08-01,2025-08-01 09:59:37.000,IO2508-P-3700,2.2,2.2,2.4
2025-08-01,2025-08-01 10:00:06.500,IO2508-P-3700,2.2,2.2,2.4
2025-08-01,2025-08-01 10:00:07.000,IO2508-P-3700,2.2,2.2,2.4
2025-08-01,2025-08-01 10:00:07.500,IO2508-P-3700,2.2,2.2,2.4
2025-08-01,2025-08-01 10:00:08.000,IO2508-P-3700,2.2,2.2,2.4
2025-08-01,2025-08-01 10:00:09.500,IO2508-P-3700,2.2,2.2,2.4
2025-08-01,2025-08-01 10:00:18.000,IO2508-P-3700,2.2,2.2,2.4
2025-08-01,2025-08-01 10:00:33.500,IO2508-P-3700,2.2,2.2,2.4
2025-08-01,2025-08-01 10:00:36.500,IO2508-P-3700,2.2,2.2,2.4
2025-08-01,2025-08-01 10:00:37.000,IO2508-P-3700,2.2,2.2,2.4
2025-08-01,2025-08-01 10:01:00.500,IO2508-P-3700,2.2,2.2,2.4
2025-08-01,2025-08-01 10:01:04.500,IO2508-P-3700,2.2,2.2,2.4
2025-08-01,2025-08-01 10:01:06.000,IO2508-P-3700,2.2,2.2,2.4
2025-08-01,2025-08-01 10:01:06.500,IO2508-P-3700,2.2,2.2,2.4
2025-08-01,2025-08-01 10:01:07.000,IO2508-P-3700,2.2,2.2,2.4
2025-08-01,2025-08-01 10:01:08.000,IO2508-P-3700,2.2,2.2,2.4
2025-08-01,2025-08-01 10:01:09.000,IO2508-P-3700,2.2,2.2,2.4
2025-08-01,2025-08-01 10:01:36.500,IO2508-P-3700,2.2,2.2,2.4
2025-08-01,2025-08-01 10:01:37.000,IO2508-P-3700,2.2,2.2,2.4
2025-08-01,2025-08-01 10:01:46.500,IO2508-P-3700,2.2,2.2,2.4
2025-08-01,2025-08-01 10:02:00.500,IO2508-P-3700,2.2,2.2,2.4
2025-08-01,2025-08-01 10:02:01.000,IO2508-P-3700,2.2,2.2,2.4
2025-08-01,2025-08-01 10:02:03.000,IO2508-P-3700,2.2,2.2,2.4
2025-08-01,2025-08-01 10:02:06.500,IO2508-P-3700,2.2,2.2,2.4
2025-08-01,2025-08-01 10:02:07.000,IO2508-P-3700,2.2,2.2,2.4
2025-08-01,2025-08-01 10:02:36.500,IO2508-P-3700,2.2,2.2,2.4
2025-08-01,2025-08-01 10:02:37.000,IO2508-P-3700,2.2,2.2,2.4
2025-08-01,2025-08-01 10:02:37.500,IO2508-P-3700,2.2,2.2,2.4
2025-08-01,2025-08-01 10:03:06.500,IO2508-P-3700,2.2,2.2,2.4
2025-08-01,2025-08-01 10:03:07.000,IO2508-P-3700,2.2,2.2,2.4
2025-08-01,2025-08-01 10:03:36.500,IO2508-P-3700,2.2,2.2,2.4
2025-08-01,2025-08-01 10:03:37.000,IO2508-P-3700,2.2,2.2,2.4
2025-08-01,2025-08-01 10:03:54.000,IO2508-P-3700,2.2,2.2,2.4
2025-08-01,2025-08-01 10:03:54.500,IO2508-P-3700,2.2,2.2,2.4
2025-08-01,2025-08-01 10:03:55.000,IO2508-P-3700,2.2,2.2,2.4
2025-08-01,2025-08-01 10:03:57.000,IO2508-P-3700,2.2,2.2,2.4
2025-08-01,2025-08-01 10:04:06.500,IO2508-P-3700,2.2,2.2,2.4
2025-08-01,2025-08-01 10:04:07.000,IO2508-P-3700,2.2,2.2,2.4
2025-08-01,2025-08-01 10:04:17.500,IO2508-P-3700,2.2,2.2,2.4
2025-08-01,2025-08-01 10:04:18.000,IO2508-P-3700,2.2,2.2,2.4
2025-08-01,2025-08-01 10:04:36.500,IO2508-P-3700,2.2,2.2,2.4
2025-08-01,2025-08-01 10:04:37.000,IO2508-P-3700,2.2,2.2,2.4
2025-08-01,2025-08-01 10:04:49.500,IO2508-P-3700,2.2,2.2,2.4
2025-08-01,2025-08-01 10:04:58.000,IO2508-P-3700,2.2,2.2,2.4
2025-08-01,2025-08-01 10:05:02.500,IO2508-P-3700,2.2,2.2,2.4
2025-08-01,2025-08-01 10:05:03.000,IO2508-P-3700,2.2,2.2,2.4
2025-08-01,2025-08-01 10:05:03.500,IO2508-P-3700,2.2,2.2,2.4
2025-08-01,2025-08-01 10:05:05.000,IO2508-P-3700,2.2,2.2,2.4
2025-08-01,2025-08-01 10:05:06.500,IO2508-P-3700,2.2,2.2,2.4
2025-08-01,2025-08-01 10:05:07.000,IO2508-P-3700,2.2,2.2,2.4
2025-08-01,2025-08-01 10:05:07.500,IO2508-P-3700,2.2,2.2,2.4
2025-08-01,2025-08-01 10:05:09.000,IO2508-P-3700,2.2,2.2,2.4
2025-08-01,2025-08-01 10:05:09.500,IO2508-P-3700,2.2,2.2,2.4
2025-08-01,2025-08-01 10:05:20.500,IO2508-P-3700,2.2,2.2,2.4
2025-08-01,2025-08-01 10:05:36.500,IO2508-P-3700,2.2,2.2,2.4
2025-08-01,2025-08-01 10:05:37.000,IO2508-P-3700,2.2,2.2,2.4
2025-08-01,2025-08-01 10:05:59.000,IO2508-P-3700,2.2,2.2,2.4
2025-08-01,2025-08-01 10:06:00.000,IO2508-P-3700,2.2,2.2,2.4
2025-08-01,2025-08-01 10:06:06.500,IO2508-P-3700,2.2,2.2,2.4
2025-08-01,2025-08-01 10:06:07.000,IO2508-P-3700,2.2,2.2,2.4
2025-08-01,2025-08-01 10:06:32.000,IO2508-P-3700,2.2,2.2,2.4
2025-08-01,2025-08-01 10:06:33.500,IO2508-P-3700,2.2,2.2,2.4
2025-08-01,2025-08-01 10:06:36.500,IO2508-P-3700,2.2,2.2,2.4
2025-08-01,2025-08-01 10:06:37.000,IO2508-P-3700,2.2,2.2,2.4
2025-08-01,2025-08-01 10:07:04.500,IO2508-P-3700,2.2,2.2,2.4
2025-08-01,2025-08-01 10:07:06.500,IO2508-P-3700,2.2,2.2,2.4
2025-08-01,2025-08-01 10:07:07.000,IO2508-P-3700,2.2,2.2,2.4
2025-08-01,2025-08-01 10:07:36.500,IO2508-P-3700,2.2,2.2,2.4
2025-08-01,2025-08-01 10:07:37.000,IO2508-P-3700,2.2,2.2,2.4
2025-08-01,2025-08-01 10:08:05.000,IO2508-P-3700,2.4,2.2,2.4
2025-08-01,2025-08-01 10:08:05.500,IO2508-P-3700,2.4,2.2,2.4
2025-08-01,2025-08-01 10:08:06.500,IO2508-P-3700,2.4,2.2,2.4
2025-08-01,2025-08-01 10:08:07.000,IO2508-P-3700,2.4,2.2,2.4
2025-08-01,2025-08-01 10:08:36.500,IO2508-P-3700,2.4,2.2,2.4
2025-08-01,2025-08-01 10:08:37.000,IO2508-P-3700,2.4,2.2,2.4
2025-08-01,2025-08-01 10:08:53.500,IO2508-P-3700,2.4,2.2,2.4
2025-08-01,2025-08-01 10:08:54.000,IO2508-P-3700,2.4,2.2,2.4
2025-08-01,2025-08-01 10:08:59.500,IO2508-P-3700,2.4,2.2,2.4
2025-08-01,2025-08-01 10:09:06.500,IO2508-P-3700,2.4,2.2,2.4
2025-08-01,2025-08-01 10:09:07.000,IO2508-P-3700,2.4,2.2,2.4
2025-08-01,2025-08-01 10:09:24.000,IO2508-P-3700,2.4,2.2,2.4
2025-08-01,2025-08-01 10:09:24.500,IO2508-P-3700,2.4,2.2,2.4
2025-08-01,2025-08-01 10:09:35.500,IO2508-P-3700,2.4,2.2,2.4
2025-08-01,2025-08-01 10:09:36.000,IO2508-P-3700,2.4,2.2,2.4
2025-08-01,2025-08-01 10:09:36.500,IO2508-P-3700,2.4,2.2,2.4
2025-08-01,2025-08-01 10:09:37.000,IO2508-P-3700,2.4,2.2,2.4
2025-08-01,2025-08-01 10:09:40.000,IO2508-P-3700,2.4,2.2,2.4
2025-08-01,2025-08-01 10:09:40.500,IO2508-P-3700,2.4,2.2,2.4
2025-08-01,2025-08-01 10:09:54.500,IO2508-P-3700,2.4,2.2,2.4
2025-08-01,2025-08-01 10:09:55.000,IO2508-P-3700,2.4,2.2,2.4
2025-08-01,2025-08-01 10:10:01.500,IO2508-P-3700,2.4,2.2,2.4
2025-08-01,2025-08-01 10:10:06.500,IO2508-P-3700,2.4,2.2,2.4
2025-08-01,2025-08-01 10:10:07.000,IO2508-P-3700,2.4,2.2,2.4
2025-08-01,2025-08-01 10:10:20.500,IO2508-P-3700,2.4,2.2,2.4
2025-08-01,2025-08-01 10:10:21.000,IO2508-P-3700,2.4,2.2,2.4
2025-08-01,2025-08-01 10:10:36.500,IO2508-P-3700,2.4,2.2,2.4
2025-08-01,2025-08-01 10:10:37.000,IO2508-P-3700,2.4,2.2,2.4
2025-08-01,2025-08-01 10:10:42.000,IO2508-P-3700,2.4,2.2,2.4
2025-08-01,2025-08-01 10:10:48.500,IO2508-P-3700,2.4,2.2,2.4
2025-08-01,2025-08-01 10:10:50.500,IO2508-P-3700,2.4,2.2,2.4
2025-08-01,2025-08-01 10:10:51.000,IO2508-P-3700,2.4,2.2,2.4
2025-08-01,2025-08-01 10:10:57.000,IO2508-P-3700,2.4,2.2,2.4
2025-08-01,2025-08-01 10:11:06.500,IO2508-P-3700,2.4,2.2,2.4
2025-08-01,2025-08-01 10:11:07.000,IO2508-P-3700,2.4,2.2,2.4
2025-08-01,2025-08-01 10:11:13.000,IO2508-P-3700,2.4,2.2,2.4
2025-08-01,2025-08-01 10:11:36.500,IO2508-P-3700,2.4,2.2,2.4
2025-08-01,2025-08-01 10:11:37.000,IO2508-P-3700,2.4,2.2,2.4
2025-08-01,2025-08-01 10:11:42.000,IO2508-P-3700,2.4,2.2,2.4
2025-08-01,2025-08-01 10:11:46.000,IO2508-P-3700,2.4,2.2,2.4
2025-08-01,2025-08-01 10:11:46.500,IO2508-P-3700,2.4,2.2,2.4
2025-08-01,2025-08-01 10:11:47.000,IO2508-P-3700,2.4,2.2,2.4
2025-08-01,2025-08-01 10:12:06.500,IO2508-P-3700,2.4,2.2,2.4
2025-08-01,2025-08-01 10:12:07.000,IO2508-P-3700,2.4,2.2,2.4
2025-08-01,2025-08-01 10:12:07.500,IO2508-P-3700,2.4,2.2,2.4
2025-08-01,2025-08-01 10:12:36.500,IO2508-P-3700,2.4,2.2,2.4
2025-08-01,2025-08-01 10:12:37.000,IO2508-P-3700,2.4,2.2,2.4
2025-08-01,2025-08-01 10:12:37.500,IO2508-P-3700,2.4,2.2,2.4
2025-08-01,2025-08-01 10:12:39.000,IO2508-P-3700,2.4,2.2,2.4
2025-08-01,2025-08-01 10:12:44.000,IO2508-P-3700,2.4,2.2,2.4
2025-08-01,2025-08-01 10:12:55.000,IO2508-P-3700,2.4,2.2,2.4
2025-08-01,2025-08-01 10:12:55.500,IO2508-P-3700,2.4,2.2,2.4
2025-08-01,2025-08-01 10:13:06.500,IO2508-P-3700,2.4,2.2,2.4
2025-08-01,2025-08-01 10:13:07.000,IO2508-P-3700,2.4,2.2,2.4
2025-08-01,2025-08-01 10:13:07.500,IO2508-P-3700,2.4,2.2,2.4
2025-08-01,2025-08-01 10:13:09.000,IO2508-P-3700,2.4,2.2,2.4
2025-08-01,2025-08-01 10:13:36.500,IO2508-P-3700,2.4,2.2,2.4
2025-08-01,2025-08-01 10:13:37.000,IO2508-P-3700,2.4,2.2,2.4
2025-08-01,2025-08-01 10:13:39.500,IO2508-P-3700,2.4,2.2,2.4
2025-08-01,2025-08-01 10:14:06.500,IO2508-P-3700,2.4,2.2,2.4
2025-08-01,2025-08-01 10:14:07.000,IO2508-P-3700,2.4,2.2,2.4
2025-08-01,2025-08-01 10:14:36.500,IO2508-P-3700,2.4,2.2,2.4
2025-08-01,2025-08-01 10:14:37.000,IO2508-P-3700,2.4,2.2,2.4
2025-08-01,2025-08-01 10:15:06.500,IO2508-P-3700,2.4,2.2,2.4
2025-08-01,2025-08-01 10:15:07.000,IO2508-P-3700,2.4,2.2,2.4
2025-08-01,2025-08-01 10:15:36.500,IO2508-P-3700,2.4,2.2,2.4
2025-08-01,2025-08-01 10:15:37.000,IO2508-P-3700,2.4,2.2,2.4
2025-08-01,2025-08-01 10:16:06.500,IO2508-P-3700,2.4,2.2,2.4
2025-08-01,2025-08-01 10:16:07.000,IO2508-P-3700,2.4,2.2,2.4
2025-08-01,2025-08-01 10:16:28.500,IO2508-P-3700,2.4,2.2,2.4
2025-08-01,2025-08-01 10:16:30.000,IO2508-P-3700,2.4,2.2,2.4
2025-08-01,2025-08-01 10:16:36.500,IO2508-P-3700,2.4,2.2,2.4
2025-08-01,2025-08-01 10:16:37.000,IO2508-P-3700,2.4,2.2,2.4
2025-08-01,2025-08-01 10:16:53.000,IO2508-P-3700,2.4,2.2,2.4
2025-08-01,2025-08-01 10:16:59.000,IO2508-P-3700,2.4,2.2,2.4
2025-08-01,2025-08-01 10:17:06.500,IO2508-P-3700,2.4,2.2,2.4
2025-08-01,2025-08-01 10:17:07.000,IO2508-P-3700,2.4,2.2,2.4
2025-08-01,2025-08-01 10:17:11.500,IO2508-P-3700,2.4,2.2,2.4
2025-08-01,2025-08-01 10:17:13.500,IO2508-P-3700,2.4,2.2,2.4
2025-08-01,2025-08-01 10:17:36.500,IO2508-P-3700,2.4,2.2,2.4
2025-08-01,2025-08-01 10:17:37.000,IO2508-P-3700,2.4,2.2,2.4
2025-08-01,2025-08-01 10:17:50.000,IO2508-P-3700,2.4,2.2,2.4
2025-08-01,2025-08-01 10:18:04.000,IO2508-P-3700,2.4,2.2,2.4
2025-08-01,2025-08-01 10:18:06.500,IO2508-P-3700,2.4,2.2,2.4
2025-08-01,2025-08-01 10:18:07.000,IO2508-P-3700,2.4,2.2,2.4
2025-08-01,2025-08-01 10:18:07.500,IO2508-P-3700,2.4,2.2,2.4
2025-08-01,2025-08-01 10:18:08.000,IO2508-P-3700,2.4,2.2,2.4
2025-08-01,2025-08-01 10:18:08.500,IO2508-P-3700,2.4,2.2,2.4
2025-08-01,2025-08-01 10:18:09.000,IO2508-P-3700,2.4,2.2,2.4
2025-08-01,2025-08-01 10:18:09.500,IO2508-P-3700,2.4,2.2,2.4
2025-08-01,2025-08-01 10:18:36.500,IO2508-P-3700,2.4,2.2,2.4
2025-08-01,2025-08-01 10:18:37.000,IO2508-P-3700,2.4,2.2,2.4
2025-08-01,2025-08-01 10:18:37.500,IO2508-P-3700,2.4,2.2,2.4
2025-08-01,2025-08-01 10:18:48.000,IO2508-P-3700,2.4,2.2,2.4
2025-08-01,2025-08-01 10:19:05.000,IO2508-P-3700,2.4,2.2,2.4
2025-08-01,2025-08-01 10:19:06.500,IO2508-P-3700,2.4,2.2,2.4
2025-08-01,2025-08-01 10:19:07.000,IO2508-P-3700,2.4,2.2,2.4
2025-08-01,2025-08-01 10:19:09.000,IO2508-P-3700,2.4,2.2,2.4
2025-08-01,2025-08-01 10:19:10.000,IO2508-P-3700,2.4,2.2,2.4
2025-08-01,2025-08-01 10:19:11.000,IO2508-P-3700,2.4,2.2,2.4
2025-08-01,2025-08-01 10:19:18.000,IO2508-P-3700,2.4,2.2,2.4
2025-08-01,2025-08-01 10:19:19.000,IO2508-P-3700,2.4,2.2,2.4
2025-08-01,2025-08-01 10:19:20.000,IO2508-P-3700,2.4,2.2,2.4
2025-08-01,2025-08-01 10:19:21.000,IO2508-P-3700,2.4,2.2,2.4
2025-08-01,2025-08-01 10:19:22.000,IO2508-P-3700,2.4,2.2,2.4
2025-08-01,2025-08-01 10:19:27.000,IO2508-P-3700,2.4,2.2,2.4
2025-08-01,2025-08-01 10:19:36.500,IO2508-P-3700,2.4,2.2,2.4
2025-08-01,2025-08-01 10:19:37.000,IO2508-P-3700,2.4,2.2,2.4
2025-08-01,2025-08-01 10:19:44.500,IO2508-P-3700,2.4,2.2,2.4
2025-08-01,2025-08-01 10:19:46.000,IO2508-P-3700,2.4,2.2,2.4
2025-08-01,2025-08-01 10:20:04.500,IO2508-P-3700,2.4,2.2,2.4
2025-08-01,2025-08-01 10:20:06.500,IO2508-P-3700,2.4,2.2,2.4
2025-08-01,2025-08-01 10:20:07.000,IO2508-P-3700,2.4,2.2,2.4
2025-08-01,2025-08-01 10:20:08.000,IO2508-P-3700,2.4,2.2,2.4
2025-08-01,2025-08-01 10:20:08.500,IO2508-P-3700,2.4,2.2,2.4
2025-08-01,2025-08-01 10:20:10.000,IO2508-P-3700,2.4,2.2,2.4
2025-08-01,2025-08-01 10:20:11.000,IO2508-P-3700,2.2,2.2,2.4
2025-08-01,2025-08-01 10:20:12.000,IO2508-P-3700,2.2,2.2,2.4
2025-08-01,2025-08-01 10:20:14.000,IO2508-P-3700,2.2,2.2,2.4
2025-08-01,2025-08-01 10:20:15.000,IO2508-P-3700,2.2,2.2,2.4
2025-08-01,2025-08-01 10:20:18.000,IO2508-P-3700,2.2,2.2,2.4
2025-08-01,2025-08-01 10:20:19.000,IO2508-P-3700,2.2,2.2,2.4
2025-08-01,2025-08-01 10:20:33.500,IO2508-P-3700,2.2,2.2,2.4
2025-08-01,2025-08-01 10:20:36.500,IO2508-P-3700,2.2,2.2,2.4
2025-08-01,2025-08-01 10:20:37.000,IO2508-P-3700,2.2,2.2,2.4
2025-08-01,2025-08-01 10:20:37.500,IO2508-P-3700,2.2,2.2,2.4
2025-08-01,2025-08-01 10:20:48.500,IO2508-P-3700,2.2,2.2,2.4
2025-08-01,2025-08-01 10:21:02.000,IO2508-P-3700,2.2,2.2,2.4
2025-08-01,2025-08-01 10:21:03.000,IO2508-P-3700,2.2,2.2,2.4
2025-08-01,2025-08-01 10:21:05.000,IO2508-P-3700,2.2,2.2,2.4
2025-08-01,2025-08-01 10:21:06.000,IO2508-P-3700,2.2,2.2,2.4
2025-08-01,2025-08-01 10:21:06.500,IO2508-P-3700,2.2,2.2,2.4
2025-08-01,2025-08-01 10:21:07.000,IO2508-P-3700,2.2,2.2,2.4
2025-08-01,2025-08-01 10:21:07.500,IO2508-P-3700,2.2,2.2,2.4
2025-08-01,2025-08-01 10:21:11.000,IO2508-P-3700,2.2,2.2,2.4
2025-08-01,2025-08-01 10:21:13.000,IO2508-P-3700,2.2,2.2,2.4
2025-08-01,2025-08-01 10:21:15.000,IO2508-P-3700,2.2,2.2,2.4
2025-08-01,2025-08-01 10:21:22.000,IO2508-P-3700,2.2,2.2,2.4
2025-08-01,2025-08-01 10:21:29.000,IO2508-P-3700,2.2,2.2,2.4
2025-08-01,2025-08-01 10:21:36.500,IO2508-P-3700,2.2,2.2,2.4
2025-08-01,2025-08-01 10:21:37.000,IO2508-P-3700,2.2,2.2,2.4
2025-08-01,2025-08-01 10:21:37.500,IO2508-P-3700,2.2,2.2,2.4
2025-08-01,2025-08-01 10:22:00.000,IO2508-P-3700,2.2,2.2,2.4
2025-08-01,2025-08-01 10:22:00.500,IO2508-P-3700,2.2,2.2,2.4
2025-08-01,2025-08-01 10:22:02.000,IO2508-P-3700,2.2,2.2,2.4
2025-08-01,2025-08-01 10:22:03.000,IO2508-P-3700,2.2,2.2,2.4
2025-08-01,2025-08-01 10:22:04.000,IO2508-P-3700,2.2,2.2,2.4
2025-08-01,2025-08-01 10:22:05.000,IO2508-P-3700,2.2,2.2,2.4
2025-08-01,2025-08-01 10:22:06.500,IO2508-P-3700,2.2,2.2,2.4
2025-08-01,2025-08-01 10:22:07.000,IO2508-P-3700,2.2,2.2,2.4
2025-08-01,2025-08-01 10:22:09.500,IO2508-P-3700,2.2,2.2,2.4
2025-08-01,2025-08-01 10:22:10.000,IO2508-P-3700,2.2,2.2,2.4
2025-08-01,2025-08-01 10:22:21.000,IO2508-P-3700,2.2,2.2,2.4
2025-08-01,2025-08-01 10:22:32.500,IO2508-P-3700,2.2,2.2,2.4
2025-08-01,2025-08-01 10:22:36.500,IO2508-P-3700,2.2,2.2,2.4
2025-08-01,2025-08-01 10:22:37.000,IO2508-P-3700,2.2,2.2,2.4
2025-08-01,2025-08-01 10:22:37.500,IO2508-P-3700,2.2,2.2,2.4
2025-08-01,2025-08-01 10:22:52.500,IO2508-P-3700,2.2,2.2,2.4
2025-08-01,2025-08-01 10:23:06.500,IO2508-P-3700,2.2,2.2,2.4
2025-08-01,2025-08-01 10:23:07.000,IO2508-P-3700,2.2,2.2,2.4
2025-08-01,2025-08-01 10:23:21.500,IO2508-P-3700,2.2,2.2,2.4
2025-08-01,2025-08-01 10:23:31.500,IO2508-P-3700,2.2,2.2,2.4
2025-08-01,2025-08-01 10:23:36.500,IO2508-P-3700,2.2,2.2,2.4
2025-08-01,2025-08-01 10:23:37.000,IO2508-P-3700,2.2,2.2,2.4
2025-08-01,2025-08-01 10:23:39.000,IO2508-P-3700,2.2,2.2,2.4
2025-08-01,2025-08-01 10:24:06.500,IO2508-P-3700,2.2,2.2,2.4
2025-08-01,2025-08-01 10:24:07.000,IO2508-P-3700,2.2,2.2,2.4
2025-08-01,2025-08-01 10:24:14.500,IO2508-P-3700,2.2,2.2,2.4
2025-08-01,2025-08-01 10:24:17.500,IO2508-P-3700,2.2,2.2,2.4
2025-08-01,2025-08-01 10:24:19.500,IO2508-P-3700,2.2,2.2,2.4
2025-08-01,2025-08-01 10:24:22.000,IO2508-P-3700,2.2,2.2,2.4
2025-08-01,2025-08-01 10:24:25.000,IO2508-P-3700,2.2,2.2,2.4
2025-08-01,2025-08-01 10:24:36.500,IO2508-P-3700,2.2,2.2,2.4
2025-08-01,2025-08-01 10:24:37.000,IO2508-P-3700,2.2,2.2,2.4
2025-08-01,2025-08-01 10:24:37.500,IO2508-P-3700,2.2,2.2,2.4
2025-08-01,2025-08-01 10:24:54.500,IO2508-P-3700,2.2,2.2,2.4
2025-08-01,2025-08-01 10:24:55.000,IO2508-P-3700,2.2,2.2,2.4
2025-08-01,2025-08-01 10:25:06.500,IO2508-P-3700,2.2,2.2,2.4
2025-08-01,2025-08-01 10:25:07.000,IO2508-P-3700,2.2,2.2,2.4
2025-08-01,2025-08-01 10:25:07.500,IO2508-P-3700,2.2,2.2,2.4
2025-08-01,2025-08-01 10:25:36.500,IO2508-P-3700,2.2,2.2,2.4
2025-08-01,2025-08-01 10:25:37.000,IO2508-P-3700,2.2,2.2,2.4
2025-08-01,2025-08-01 10:25:37.500,IO2508-P-3700,2.2,2.2,2.4
2025-08-01,2025-08-01 10:25:51.500,IO2508-P-3700,2.2,2.2,2.4
2025-08-01,2025-08-01 10:26:06.500,IO2508-P-3700,2.2,2.2,2.4
2025-08-01,2025-08-01 10:26:07.000,IO2508-P-3700,2.2,2.2,2.4
2025-08-01,2025-08-01 10:26:10.000,IO2508-P-3700,2.2,2.2,2.4
2025-08-01,2025-08-01 10:26:18.000,IO2508-P-3700,2.2,2.2,2.4
2025-08-01,2025-08-01 10:26:36.500,IO2508-P-3700,2.2,2.2,2.4
2025-08-01,2025-08-01 10:26:37.000,IO2508-P-3700,2.2,2.2,2.4
2025-08-01,2025-08-01 10:26:56.500,IO2508-P-3700,2.2,2.2,2.4
2025-08-01,2025-08-01 10:27:02.000,IO2508-P-3700,2.2,2.2,2.4
2025-08-01,2025-08-01 10:27:06.500,IO2508-P-3700,2.2,2.2,2.4
2025-08-01,2025-08-01 10:27:07.000,IO2508-P-3700,2.2,2.2,2.4
2025-08-01,2025-08-01 10:27:07.500,IO2508-P-3700,2.2,2.2,2.4
2025-08-01,2025-08-01 10:27:10.000,IO2508-P-3700,2.2,2.2,2.4
2025-08-01,2025-08-01 10:27:13.000,IO2508-P-3700,2.2,2.2,2.4
2025-08-01,2025-08-01 10:27:14.500,IO2508-P-3700,2.2,2.2,2.4
2025-08-01,2025-08-01 10:27:15.500,IO2508-P-3700,2.2,2.2,2.4
2025-08-01,2025-08-01 10:27:16.000,IO2508-P-3700,2.2,2.2,2.4
2025-08-01,2025-08-01 10:27:25.000,IO2508-P-3700,2.2,2.2,2.4
2025-08-01,2025-08-01 10:27:27.000,IO2508-P-3700,2.2,2.2,2.4
2025-08-01,2025-08-01 10:27:36.000,IO2508-P-3700,2.2,2.2,2.4
2025-08-01,2025-08-01 10:27:36.500,IO2508-P-3700,2.2,2.2,2.4
2025-08-01,2025-08-01 10:27:37.000,IO2508-P-3700,2.2,2.2,2.4
2025-08-01,2025-08-01 10:27:37.500,IO2508-P-3700,2.2,2.2,2.4
2025-08-01,2025-08-01 10:27:57.500,IO2508-P-3700,2.2,2.2,2.4
2025-08-01,2025-08-01 10:28:03.000,IO2508-P-3700,2.2,2.2,2.4
2025-08-01,2025-08-01 10:28:03.500,IO2508-P-3700,2.2,2.2,2.4
2025-08-01,2025-08-01 10:28:04.500,IO2508-P-3700,2.2,2.2,2.4
2025-08-01,2025-08-01 10:28:05.000,IO2508-P-3700,2.2,2.2,2.4
2025-08-01,2025-08-01 10:28:06.500,IO2508-P-3700,2.2,2.2,2.4
2025-08-01,2025-08-01 10:28:07.000,IO2508-P-3700,2.2,2.2,2.4
2025-08-01,2025-08-01 10:28:08.000,IO2508-P-3700,2.2,2.2,2.4
2025-08-01,2025-08-01 10:28:12.000,IO2508-P-3700,2.2,2.2,2.4
2025-08-01,2025-08-01 10:28:25.500,IO2508-P-3700,2.2,2.2,2.4
2025-08-01,2025-08-01 10:28:26.000,IO2508-P-3700,2.2,2.2,2.4
2025-08-01,2025-08-01 10:28:33.000,IO2508-P-3700,2.2,2.2,2.4
2025-08-01,2025-08-01 10:28:34.000,IO2508-P-3700,2.2,2.2,2.4
2025-08-01,2025-08-01 10:28:35.000,IO2508-P-3700,2.2,2.2,2.4
2025-08-01,2025-08-01 10:28:35.500,IO2508-P-3700,2.2,2.2,2.4
2025-08-01,2025-08-01 10:28:36.500,IO2508-P-3700,2.2,2.2,2.4
2025-08-01,2025-08-01 10:28:37.000,IO2508-P-3700,2.2,2.2,2.4
2025-08-01,2025-08-01 10:28:40.000,IO2508-P-3700,2.2,2.2,2.4
2025-08-01,2025-08-01 10:28:54.500,IO2508-P-3700,2.2,2.2,2.4
2025-08-01,2025-08-01 10:28:57.000,IO2508-P-3700,2.2,2.2,2.4
2025-08-01,2025-08-01 10:28:57.500,IO2508-P-3700,2.2,2.2,2.4
2025-08-01,2025-08-01 10:29:01.000,IO2508-P-3700,2.2,2.2,2.4
2025-08-01,2025-08-01 10:29:03.000,IO2508-P-3700,2.2,2.2,2.4
2025-08-01,2025-08-01 10:29:06.500,IO2508-P-3700,2.2,2.2,2.4
2025-08-01,2025-08-01 10:29:07.000,IO2508-P-3700,2.2,2.2,2.4
2025-08-01,2025-08-01 10:29:36.500,IO2508-P-3700,2.2,2.2,2.4
2025-08-01,2025-08-01 10:29:37.000,IO2508-P-3700,2.2,2.2,2.4
2025-08-01,2025-08-01 10:29:59.500,IO2508-P-3700,2.2,2.2,2.4
2025-08-01,2025-08-01 10:30:06.500,IO2508-P-3700,2.2,2.2,2.4
2025-08-01,2025-08-01 10:30:07.000,IO2508-P-3700,2.2,2.2,2.4
2025-08-01,2025-08-01 10:30:22.500,IO2508-P-3700,2.2,2.2,2.4
2025-08-01,2025-08-01 10:30:25.000,IO2508-P-3700,2.2,2.2,2.4
2025-08-01,2025-08-01 10:30:36.500,IO2508-P-3700,2.2,2.2,2.4
2025-08-01,2025-08-01 10:30:37.000,IO2508-P-3700,2.2,2.2,2.4
2025-08-01,2025-08-01 10:30:44.500,IO2508-P-3700,2.2,2.2,2.4
2025-08-01,2025-08-01 10:31:02.500,IO2508-P-3700,2.2,2.2,2.4
2025-08-01,2025-08-01 10:31:06.500,IO2508-P-3700,2.2,2.2,2.4
2025-08-01,2025-08-01 10:31:07.000,IO2508-P-3700,2.2,2.2,2.4
2025-08-01,2025-08-01 10:31:22.000,IO2508-P-3700,2.2,2.2,2.4
2025-08-01,2025-08-01 10:31:24.500,IO2508-P-3700,2.2,2.2,2.4
2025-08-01,2025-08-01 10:31:29.500,IO2508-P-3700,2.2,2.2,2.4
2025-08-01,2025-08-01 10:31:36.500,IO2508-P-3700,2.2,2.2,2.4
2025-08-01,2025-08-01 10:31:37.000,IO2508-P-3700,2.2,2.2,2.4
2025-08-01,2025-08-01 10:31:38.000,IO2508-P-3700,2.2,2.2,2.4
2025-08-01,2025-08-01 10:32:00.500,IO2508-P-3700,2.2,2.2,2.4
2025-08-01,2025-08-01 10:32:06.500,IO2508-P-3700,2.2,2.2,2.4
2025-08-01,2025-08-01 10:32:07.000,IO2508-P-3700,2.2,2.2,2.4
2025-08-01,2025-08-01 10:32:11.500,IO2508-P-3700,2.2,2.2,2.4
2025-08-01,2025-08-01 10:32:16.500,IO2508-P-3700,2.2,2.2,2.4
2025-08-01,2025-08-01 10:32:36.500,IO2508-P-3700,2.2,2.2,2.4
2025-08-01,2025-08-01 10:32:37.000,IO2508-P-3700,2.2,2.2,2.4
2025-08-01,2025-08-01 10:32:38.500,IO2508-P-3700,2.2,2.2,2.4
2025-08-01,2025-08-01 10:32:41.500,IO2508-P-3700,2.2,2.2,2.4
2025-08-01,2025-08-01 10:32:44.000,IO2508-P-3700,2.2,2.2,2.4
2025-08-01,2025-08-01 10:32:45.500,IO2508-P-3700,2.2,2.2,2.4
2025-08-01,2025-08-01 10:32:50.500,IO2508-P-3700,2.2,2.2,2.4
2025-08-01,2025-08-01 10:32:53.000,IO2508-P-3700,2.2,2.2,2.4
2025-08-01,2025-08-01 10:32:55.000,IO2508-P-3700,2.2,2.2,2.4
2025-08-01,2025-08-01 10:32:56.000,IO2508-P-3700,2.2,2.2,2.4
2025-08-01,2025-08-01 10:33:06.500,IO2508-P-3700,2.2,2.2,2.4
2025-08-01,2025-08-01 10:33:07.000,IO2508-P-3700,2.2,2.2,2.4
2025-08-01,2025-08-01 10:33:22.500,IO2508-P-3700,2.2,2.2,2.4
2025-08-01,2025-08-01 10:33:30.500,IO2508-P-3700,2.2,2.2,2.4
2025-08-01,2025-08-01 10:33:36.500,IO2508-P-3700,2.2,2.2,2.4
2025-08-01,2025-08-01 10:33:37.000,IO2508-P-3700,2.2,2.2,2.4
2025-08-01,2025-08-01 10:33:39.500,IO2508-P-3700,2.2,2.2,2.4
2025-08-01,2025-08-01 10:34:04.500,IO2508-P-3700,2.2,2.2,2.4
2025-08-01,2025-08-01 10:34:06.500,IO2508-P-3700,2.2,2.2,2.4
2025-08-01,2025-08-01 10:34:07.000,IO2508-P-3700,2.2,2.2,2.4
2025-08-01,2025-08-01 10:34:07.500,IO2508-P-3700,2.2,2.2,2.4
2025-08-01,2025-08-01 10:34:14.000,IO2508-P-3700,2.2,2.2,2.4
2025-08-01,2025-08-01 10:34:16.000,IO2508-P-3700,2.2,2.2,2.4
2025-08-01,2025-08-01 10:34:31.500,IO2508-P-3700,2.2,2.2,2.4
2025-08-01,2025-08-01 10:34:36.500,IO2508-P-3700,2.2,2.2,2.4
2025-08-01,2025-08-01 10:34:37.000,IO2508-P-3700,2.2,2.2,2.4
2025-08-01,2025-08-01 10:34:37.500,IO2508-P-3700,2.2,2.2,2.4
2025-08-01,2025-08-01 10:35:06.500,IO2508-P-3700,2.2,2.2,2.4
2025-08-01,2025-08-01 10:35:07.000,IO2508-P-3700,2.2,2.2,2.4
2025-08-01,2025-08-01 10:35:07.500,IO2508-P-3700,2.2,2.2,2.4
2025-08-01,2025-08-01 10:35:08.000,IO2508-P-3700,2.2,2.2,2.4
2025-08-01,2025-08-01 10:35:26.000,IO2508-P-3700,2.2,2.2,2.4
2025-08-01,2025-08-01 10:35:36.500,IO2508-P-3700,2.2,2.2,2.4
2025-08-01,2025-08-01 10:35:37.000,IO2508-P-3700,2.2,2.2,2.4
2025-08-01,2025-08-01 10:35:37.500,IO2508-P-3700,2.2,2.2,2.4
2025-08-01,2025-08-01 10:36:02.000,IO2508-P-3700,2.2,2.2,2.4
2025-08-01,2025-08-01 10:36:02.500,IO2508-P-3700,2.2,2.2,2.4
2025-08-01,2025-08-01 10:36:05.000,IO2508-P-3700,2.2,2.2,2.4
2025-08-01,2025-08-01 10:36:05.500,IO2508-P-3700,2.2,2.2,2.4
2025-08-01,2025-08-01 10:36:06.500,IO2508-P-3700,2.2,2.2,2.4
2025-08-01,2025-08-01 10:36:07.000,IO2508-P-3700,2.2,2.2,2.4
2025-08-01,2025-08-01 10:36:07.500,IO2508-P-3700,2.2,2.2,2.4
2025-08-01,2025-08-01 10:36:11.000,IO2508-P-3700,2.2,2.2,2.4
2025-08-01,2025-08-01 10:36:11.500,IO2508-P-3700,2.2,2.2,2.4
2025-08-01,2025-08-01 10:36:25.000,IO2508-P-3700,2.2,2.2,2.4
2025-08-01,2025-08-01 10:36:26.000,IO2508-P-3700,2.2,2.2,2.4
2025-08-01,2025-08-01 10:36:36.500,IO2508-P-3700,2.2,2.2,2.4
2025-08-01,2025-08-01 10:36:37.000,IO2508-P-3700,2.2,2.2,2.4
2025-08-01,2025-08-01 10:36:37.500,IO2508-P-3700,2.2,2.2,2.4
2025-08-01,2025-08-01 10:36:43.000,IO2508-P-3700,2.2,2.2,2.4
2025-08-01,2025-08-01 10:36:53.500,IO2508-P-3700,2.2,2.2,2.4
2025-08-01,2025-08-01 10:37:06.500,IO2508-P-3700,2.2,2.2,2.4
2025-08-01,2025-08-01 10:37:07.000,IO2508-P-3700,2.2,2.2,2.4
2025-08-01,2025-08-01 10:37:07.500,IO2508-P-3700,2.2,2.2,2.4
2025-08-01,2025-08-01 10:37:36.500,IO2508-P-3700,2.2,2.2,2.4
2025-08-01,2025-08-01 10:37:37.000,IO2508-P-3700,2.2,2.2,2.4
2025-08-01,2025-08-01 10:37:37.500,IO2508-P-3700,2.2,2.2,2.4
2025-08-01,2025-08-01 10:37:59.500,IO2508-P-3700,2.2,2.2,2.4
2025-08-01,2025-08-01 10:38:06.500,IO2508-P-3700,2.2,2.2,2.4
2025-08-01,2025-08-01 10:38:07.000,IO2508-P-3700,2.2,2.2,2.4
2025-08-01,2025-08-01 10:38:27.000,IO2508-P-3700,2.2,2.2,2.4
2025-08-01,2025-08-01 10:38:36.500,IO2508-P-3700,2.2,2.2,2.4
2025-08-01,2025-08-01 10:38:37.000,IO2508-P-3700,2.2,2.2,2.4
2025-08-01,2025-08-01 10:38:51.500,IO2508-P-3700,2.2,2.2,2.4
2025-08-01,2025-08-01 10:39:06.500,IO2508-P-3700,2.2,2.2,2.4
2025-08-01,2025-08-01 10:39:07.000,IO2508-P-3700,2.2,2.2,2.4
2025-08-01,2025-08-01 10:39:12.000,IO2508-P-3700,2.2,2.2,2.4
2025-08-01,2025-08-01 10:39:14.000,IO2508-P-3700,2.2,2.2,2.4
2025-08-01,2025-08-01 10:39:23.500,IO2508-P-3700,2.2,2.2,2.4
2025-08-01,2025-08-01 10:39:36.500,IO2508-P-3700,2.2,2.2,2.4
2025-08-01,2025-08-01 10:39:37.000,IO2508-P-3700,2.2,2.2,2.4
2025-08-01,2025-08-01 10:39:37.500,IO2508-P-3700,2.2,2.2,2.4
2025-08-01,2025-08-01 10:39:43.000,IO2508-P-3700,2.2,2.2,2.4
2025-08-01,2025-08-01 10:39:52.500,IO2508-P-3700,2.2,2.2,2.4
2025-08-01,2025-08-01 10:40:01.000,IO2508-P-3700,2.2,2.2,2.4
2025-08-01,2025-08-01 10:40:05.500,IO2508-P-3700,2.2,2.2,2.4
2025-08-01,2025-08-01 10:40:06.500,IO2508-P-3700,2.2,2.2,2.4
2025-08-01,2025-08-01 10:40:07.000,IO2508-P-3700,2.2,2.2,2.4
2025-08-01,2025-08-01 10:40:09.500,IO2508-P-3700,2.2,2.2,2.4
2025-08-01,2025-08-01 10:40:24.000,IO2508-P-3700,2.2,2.2,2.4
2025-08-01,2025-08-01 10:40:36.000,IO2508-P-3700,2.2,2.2,2.4
2025-08-01,2025-08-01 10:40:36.500,IO2508-P-3700,2.2,2.2,2.4
2025-08-01,2025-08-01 10:40:37.000,IO2508-P-3700,2.2,2.2,2.4
2025-08-01,2025-08-01 10:40:41.000,IO2508-P-3700,2.2,2.2,2.4
2025-08-01,2025-08-01 10:41:06.500,IO2508-P-3700,2.2,2.2,2.4
2025-08-01,2025-08-01 10:41:07.000,IO2508-P-3700,2.2,2.2,2.4
2025-08-01,2025-08-01 10:41:14.500,IO2508-P-3700,2.2,2.2,2.4
2025-08-01,2025-08-01 10:41:36.500,IO2508-P-3700,2.2,2.2,2.4
2025-08-01,2025-08-01 10:41:37.000,IO2508-P-3700,2.2,2.2,2.4
2025-08-01,2025-08-01 10:42:06.500,IO2508-P-3700,2.2,2.2,2.4
2025-08-01,2025-08-01 10:42:07.000,IO2508-P-3700,2.2,2.2,2.4
2025-08-01,2025-08-01 10:42:11.000,IO2508-P-3700,2.2,2.2,2.4
2025-08-01,2025-08-01 10:42:11.500,IO2508-P-3700,2.2,2.2,2.4
2025-08-01,2025-08-01 10:42:12.000,IO2508-P-3700,2.2,2.2,2.4
2025-08-01,2025-08-01 10:42:36.500,IO2508-P-3700,2.2,2.2,2.4
2025-08-01,2025-08-01 10:42:37.000,IO2508-P-3700,2.2,2.2,2.4
2025-08-01,2025-08-01 10:43:06.500,IO2508-P-3700,2.2,2.2,2.4
2025-08-01,2025-08-01 10:43:07.000,IO2508-P-3700,2.2,2.2,2.4
2025-08-01,2025-08-01 10:43:22.500,IO2508-P-3700,2.2,2.2,2.4
2025-08-01,2025-08-01 10:43:36.500,IO2508-P-3700,2.2,2.2,2.4
2025-08-01,2025-08-01 10:43:37.000,IO2508-P-3700,2.2,2.2,2.4
2025-08-01,2025-08-01 10:43:37.500,IO2508-P-3700,2.2,2.2,2.4
2025-08-01,2025-08-01 10:44:02.000,IO2508-P-3700,2.2,2.2,2.4
2025-08-01,2025-08-01 10:44:02.500,IO2508-P-3700,2.2,2.2,2.4
2025-08-01,2025-08-01 10:44:06.500,IO2508-P-3700,2.2,2.2,2.4
2025-08-01,2025-08-01 10:44:07.000,IO2508-P-3700,2.2,2.2,2.4
2025-08-01,2025-08-01 10:44:07.500,IO2508-P-3700,2.2,2.2,2.4
2025-08-01,2025-08-01 10:44:13.000,IO2508-P-3700,2.2,2.2,2.4
2025-08-01,2025-08-01 10:44:36.500,IO2508-P-3700,2.2,2.2,2.4
2025-08-01,2025-08-01 10:44:37.000,IO2508-P-3700,2.2,2.2,2.4
2025-08-01,2025-08-01 10:45:06.500,IO2508-P-3700,2.2,2.2,2.4
2025-08-01,2025-08-01 10:45:07.000,IO2508-P-3700,2.2,2.2,2.4
2025-08-01,2025-08-01 10:45:36.500,IO2508-P-3700,2.2,2.2,2.4
2025-08-01,2025-08-01 10:45:37.000,IO2508-P-3700,2.2,2.2,2.4
2025-08-01,2025-08-01 10:46:06.500,IO2508-P-3700,2.2,2.2,2.4
2025-08-01,2025-08-01 10:46:07.000,IO2508-P-3700,2.2,2.2,2.4
2025-08-01,2025-08-01 10:46:36.000,IO2508-P-3700,2.2,2.2,2.4
2025-08-01,2025-08-01 10:46:36.500,IO2508-P-3700,2.2,2.2,2.4
2025-08-01,2025-08-01 10:46:37.000,IO2508-P-3700,2.2,2.2,2.4
2025-08-01,2025-08-01 10:46:37.500,IO2508-P-3700,2.2,2.2,2.4
2025-08-01,2025-08-01 10:46:43.000,IO2508-P-3700,2.2,2.2,2.4
2025-08-01,2025-08-01 10:46:44.500,IO2508-P-3700,2.2,2.2,2.4
2025-08-01,2025-08-01 10:46:45.000,IO2508-P-3700,2.2,2.2,2.4
2025-08-01,2025-08-01 10:46:53.000,IO2508-P-3700,2.2,2.2,2.4
2025-08-01,2025-08-01 10:47:06.500,IO2508-P-3700,2.2,2.2,2.4
2025-08-01,2025-08-01 10:47:07.000,IO2508-P-3700,2.2,2.2,2.4
2025-08-01,2025-08-01 10:47:15.000,IO2508-P-3700,2.2,2.2,2.4
2025-08-01,2025-08-01 10:47:15.500,IO2508-P-3700,2.2,2.2,2.4
2025-08-01,2025-08-01 10:47:31.500,IO2508-P-3700,2.2,2.2,2.4
2025-08-01,2025-08-01 10:47:36.500,IO2508-P-3700,2.2,2.2,2.4
2025-08-01,2025-08-01 10:47:37.000,IO2508-P-3700,2.2,2.2,2.4
2025-08-01,2025-08-01 10:47:37.500,IO2508-P-3700,2.2,2.2,2.4
2025-08-01,2025-08-01 10:47:45.000,IO2508-P-3700,2.2,2.2,2.4
2025-08-01,2025-08-01 10:47:45.500,IO2508-P-3700,2.2,2.2,2.4
2025-08-01,2025-08-01 10:48:06.500,IO2508-P-3700,2.2,2.2,2.4
2025-08-01,2025-08-01 10:48:07.000,IO2508-P-3700,2.2,2.2,2.4
2025-08-01,2025-08-01 10:48:16.500,IO2508-P-3700,2.2,2.2,2.4
2025-08-01,2025-08-01 10:48:17.000,IO2508-P-3700,2.2,2.2,2.4
2025-08-01,2025-08-01 10:48:17.500,IO2508-P-3700,2.2,2.2,2.4
2025-08-01,2025-08-01 10:48:36.500,IO2508-P-3700,2.2,2.2,2.4
2025-08-01,2025-08-01 10:48:37.000,IO2508-P-3700,2.2,2.2,2.4
2025-08-01,2025-08-01 10:48:40.500,IO2508-P-3700,2.2,2.2,2.4
2025-08-01,2025-08-01 10:48:41.000,IO2508-P-3700,2.2,2.2,2.4
2025-08-01,2025-08-01 10:49:00.500,IO2508-P-3700,2.2,2.2,2.4
2025-08-01,2025-08-01 10:49:01.000,IO2508-P-3700,2.2,2.2,2.4
2025-08-01,2025-08-01 10:49:06.500,IO2508-P-3700,2.2,2.2,2.4
2025-08-01,2025-08-01 10:49:07.000,IO2508-P-3700,2.2,2.2,2.4
2025-08-01,2025-08-01 10:49:17.500,IO2508-P-3700,2.2,2.2,2.4
2025-08-01,2025-08-01 10:49:18.000,IO2508-P-3700,2.2,2.2,2.4
2025-08-01,2025-08-01 10:49:20.000,IO2508-P-3700,2.2,2.2,2.4
2025-08-01,2025-08-01 10:49:20.500,IO2508-P-3700,2.2,2.2,2.4
2025-08-01,2025-08-01 10:49:21.000,IO2508-P-3700,2.2,2.2,2.4
2025-08-01,2025-08-01 10:49:21.500,IO2508-P-3700,2.2,2.2,2.4
2025-08-01,2025-08-01 10:49:26.500,IO2508-P-3700,2.2,2.2,2.4
2025-08-01,2025-08-01 10:49:27.000,IO2508-P-3700,2.2,2.2,2.4
2025-08-01,2025-08-01 10:49:35.500,IO2508-P-3700,2.2,2.2,2.4
2025-08-01,2025-08-01 10:49:36.000,IO2508-P-3700,2.2,2.2,2.4
2025-08-01,2025-08-01 10:49:36.500,IO2508-P-3700,2.2,2.2,2.4
2025-08-01,2025-08-01 10:49:37.000,IO2508-P-3700,2.2,2.2,2.4
2025-08-01,2025-08-01 10:49:56.500,IO2508-P-3700,2.2,2.2,2.4
2025-08-01,2025-08-01 10:50:01.500,IO2508-P-3700,2.2,2.2,2.4
2025-08-01,2025-08-01 10:50:06.500,IO2508-P-3700,2.2,2.2,2.4
2025-08-01,2025-08-01 10:50:07.000,IO2508-P-3700,2.2,2.2,2.4
2025-08-01,2025-08-01 10:50:07.500,IO2508-P-3700,2.2,2.2,2.4
2025-08-01,2025-08-01 10:50:28.000,IO2508-P-3700,2.2,2.2,2.4
2025-08-01,2025-08-01 10:50:29.000,IO2508-P-3700,2.2,2.2,2.4
2025-08-01,2025-08-01 10:50:29.500,IO2508-P-3700,2.2,2.2,2.4
2025-08-01,2025-08-01 10:50:31.500,IO2508-P-3700,2.2,2.2,2.4
2025-08-01,2025-08-01 10:50:32.000,IO2508-P-3700,2.2,2.2,2.4
2025-08-01,2025-08-01 10:50:36.500,IO2508-P-3700,2.2,2.2,2.4
2025-08-01,2025-08-01 10:50:37.000,IO2508-P-3700,2.2,2.2,2.4
2025-08-01,2025-08-01 10:50:41.500,IO2508-P-3700,2.2,2.2,2.4
2025-08-01,2025-08-01 10:51:06.500,IO2508-P-3700,2.2,2.2,2.4
2025-08-01,2025-08-01 10:51:07.000,IO2508-P-3700,2.2,2.2,2.4
2025-08-01,2025-08-01 10:51:07.500,IO2508-P-3700,2.2,2.2,2.4
2025-08-01,2025-08-01 10:51:29.000,IO2508-P-3700,2.2,2.2,2.4
2025-08-01,2025-08-01 10:51:36.500,IO2508-P-3700,2.2,2.2,2.4
2025-08-01,2025-08-01 10:51:37.000,IO2508-P-3700,2.2,2.2,2.4
2025-08-01,2025-08-01 10:51:37.500,IO2508-P-3700,2.2,2.2,2.4
2025-08-01,2025-08-01 10:52:05.000,IO2508-P-3700,2.2,2.2,2.4
2025-08-01,2025-08-01 10:52:06.500,IO2508-P-3700,2.2,2.2,2.4
2025-08-01,2025-08-01 10:52:07.000,IO2508-P-3700,2.2,2.2,2.4
2025-08-01,2025-08-01 10:52:07.500,IO2508-P-3700,2.2,2.2,2.4
2025-08-01,2025-08-01 10:52:13.500,IO2508-P-3700,2.2,2.2,2.4
2025-08-01,2025-08-01 10:52:14.500,IO2508-P-3700,2.2,2.2,2.4
2025-08-01,2025-08-01 10:52:15.000,IO2508-P-3700,2.2,2.2,2.4
2025-08-01,2025-08-01 10:52:16.000,IO2508-P-3700,2.2,2.2,2.4
2025-08-01,2025-08-01 10:52:17.000,IO2508-P-3700,2.2,2.2,2.4
2025-08-01,2025-08-01 10:52:24.500,IO2508-P-3700,2.2,2.2,2.4
2025-08-01,2025-08-01 10:52:36.500,IO2508-P-3700,2.2,2.2,2.4
2025-08-01,2025-08-01 10:52:37.000,IO2508-P-3700,2.2,2.2,2.4
2025-08-01,2025-08-01 10:52:38.500,IO2508-P-3700,2.2,2.2,2.4
2025-08-01,2025-08-01 10:52:39.000,IO2508-P-3700,2.2,2.2,2.4
2025-08-01,2025-08-01 10:52:39.500,IO2508-P-3700,2.2,2.2,2.4
2025-08-01,2025-08-01 10:52:52.500,IO2508-P-3700,2.2,2.2,2.4
2025-08-01,2025-08-01 10:52:53.000,IO2508-P-3700,2.2,2.2,2.4
2025-08-01,2025-08-01 10:52:53.500,IO2508-P-3700,2.2,2.2,2.4
2025-08-01,2025-08-01 10:52:54.500,IO2508-P-3700,2.2,2.2,2.4
2025-08-01,2025-08-01 10:53:02.000,IO2508-P-3700,2.2,2.2,2.4
2025-08-01,2025-08-01 10:53:03.000,IO2508-P-3700,2.2,2.2,2.4
2025-08-01,2025-08-01 10:53:03.500,IO2508-P-3700,2.2,2.2,2.4
2025-08-01,2025-08-01 10:53:06.500,IO2508-P-3700,2.2,2.2,2.4
2025-08-01,2025-08-01 10:53:07.000,IO2508-P-3700,2.2,2.2,2.4
2025-08-01,2025-08-01 10:53:08.000,IO2508-P-3700,2.2,2.2,2.4
2025-08-01,2025-08-01 10:53:08.500,IO2508-P-3700,2.2,2.2,2.4
2025-08-01,2025-08-01 10:53:09.000,IO2508-P-3700,2.2,2.2,2.4
2025-08-01,2025-08-01 10:53:22.500,IO2508-P-3700,2.2,2.2,2.4
2025-08-01,2025-08-01 10:53:24.500,IO2508-P-3700,2.2,2.2,2.4
2025-08-01,2025-08-01 10:53:25.000,IO2508-P-3700,2.2,2.2,2.4
2025-08-01,2025-08-01 10:53:26.000,IO2508-P-3700,2.2,2.2,2.4
2025-08-01,2025-08-01 10:53:29.500,IO2508-P-3700,2.2,2.2,2.4
2025-08-01,2025-08-01 10:53:32.000,IO2508-P-3700,2.2,2.2,2.4
2025-08-01,2025-08-01 10:53:36.500,IO2508-P-3700,2.2,2.2,2.4
2025-08-01,2025-08-01 10:53:37.000,IO2508-P-3700,2.2,2.2,2.4
2025-08-01,2025-08-01 10:53:43.500,IO2508-P-3700,2.2,2.2,2.4
2025-08-01,2025-08-01 10:53:45.000,IO2508-P-3700,2.2,2.2,2.4
2025-08-01,2025-08-01 10:53:46.000,IO2508-P-3700,2.2,2.2,2.4
2025-08-01,2025-08-01 10:53:46.500,IO2508-P-3700,2.2,2.2,2.4
2025-08-01,2025-08-01 10:53:47.000,IO2508-P-3700,2.2,2.2,2.4
2025-08-01,2025-08-01 10:53:47.500,IO2508-P-3700,2.2,2.2,2.4
2025-08-01,2025-08-01 10:53:48.000,IO2508-P-3700,2.2,2.2,2.4
2025-08-01,2025-08-01 10:53:49.500,IO2508-P-3700,2.2,2.2,2.4
2025-08-01,2025-08-01 10:53:54.000,IO2508-P-3700,2.2,2.2,2.4
2025-08-01,2025-08-01 10:53:54.500,IO2508-P-3700,2.2,2.2,2.4
2025-08-01,2025-08-01 10:54:02.000,IO2508-P-3700,2.2,2.2,2.4
2025-08-01,2025-08-01 10:54:03.500,IO2508-P-3700,2.2,2.2,2.4
2025-08-01,2025-08-01 10:54:05.000,IO2508-P-3700,2.2,2.2,2.4
2025-08-01,2025-08-01 10:54:11.000,IO2508-P-3700,2.2,2.2,2.4
2025-08-01,2025-08-01 10:54:14.000,IO2508-P-3700,2.2,2.2,2.4
2025-08-01,2025-08-01 10:54:16.500,IO2508-P-3700,2.2,2.2,2.4
2025-08-01,2025-08-01 10:54:24.000,IO2508-P-3700,2.2,2.2,2.4
2025-08-01,2025-08-01 10:54:26.500,IO2508-P-3700,2.2,2.2,2.4
2025-08-01,2025-08-01 10:54:28.500,IO2508-P-3700,2.2,2.2,2.4
2025-08-01,2025-08-01 10:54:32.000,IO2508-P-3700,2.2,2.2,2.4
2025-08-01,2025-08-01 10:54:45.500,IO2508-P-3700,2.2,2.2,2.4
2025-08-01,2025-08-01 10:54:51.500,IO2508-P-3700,2.2,2.2,2.4
2025-08-01,2025-08-01 10:54:52.000,IO2508-P-3700,2.2,2.2,2.4
2025-08-01,2025-08-01 10:55:28.000,IO2508-P-3700,2.2,2.2,2.4
2025-08-01,2025-08-01 10:55:29.000,IO2508-P-3700,2.2,2.2,2.4
2025-08-01,2025-08-01 10:55:41.000,IO2508-P-3700,2.2,2.2,2.4
2025-08-01,2025-08-01 10:55:42.500,IO2508-P-3700,2.2,2.2,2.4
2025-08-01,2025-08-01 10:55:48.500,IO2508-P-3700,2.2,2.2,2.4
2025-08-01,2025-08-01 10:55:50.500,IO2508-P-3700,2.2,2.2,2.4
2025-08-01,2025-08-01 10:56:06.500,IO2508-P-3700,2.2,2.2,2.4
2025-08-01,2025-08-01 10:56:07.000,IO2508-P-3700,2.2,2.2,2.4
2025-08-01,2025-08-01 10:56:27.000,IO2508-P-3700,2.2,2.2,2.4
2025-08-01,2025-08-01 10:56:29.000,IO2508-P-3700,2.2,2.2,2.4
2025-08-01,2025-08-01 10:56:36.500,IO2508-P-3700,2.2,2.2,2.4
2025-08-01,2025-08-01 10:56:37.000,IO2508-P-3700,2.2,2.2,2.4
2025-08-01,2025-08-01 10:56:43.500,IO2508-P-3700,2.2,2.2,2.4
2025-08-01,2025-08-01 10:56:45.000,IO2508-P-3700,2.2,2.2,2.4
2025-08-01,2025-08-01 10:56:52.500,IO2508-P-3700,2.2,2.2,2.4
2025-08-01,2025-08-01 10:56:53.000,IO2508-P-3700,2.2,2.2,2.4
2025-08-01,2025-08-01 10:56:57.000,IO2508-P-3700,2.2,2.2,2.4
2025-08-01,2025-08-01 10:56:58.000,IO2508-P-3700,2.2,2.2,2.4
2025-08-01,2025-08-01 10:57:06.500,IO2508-P-3700,2.2,2.2,2.4
2025-08-01,2025-08-01 10:57:07.000,IO2508-P-3700,2.2,2.2,2.4
2025-08-01,2025-08-01 10:57:09.000,IO2508-P-3700,2.2,2.2,2.4
2025-08-01,2025-08-01 10:57:16.000,IO2508-P-3700,2.2,2.2,2.4
2025-08-01,2025-08-01 10:57:17.000,IO2508-P-3700,2.2,2.2,2.4
2025-08-01,2025-08-01 10:57:31.500,IO2508-P-3700,2.2,2.2,2.4
2025-08-01,2025-08-01 10:57:33.000,IO2508-P-3700,2.2,2.2,2.4
2025-08-01,2025-08-01 10:57:36.500,IO2508-P-3700,2.2,2.2,2.4
2025-08-01,2025-08-01 10:57:37.000,IO2508-P-3700,2.2,2.2,2.4
2025-08-01,2025-08-01 10:57:37.500,IO2508-P-3700,2.2,2.2,2.4
2025-08-01,2025-08-01 10:57:47.500,IO2508-P-3700,2.2,2.2,2.4
2025-08-01,2025-08-01 10:57:53.500,IO2508-P-3700,2.2,2.2,2.4
2025-08-01,2025-08-01 10:57:54.000,IO2508-P-3700,2.2,2.2,2.4
2025-08-01,2025-08-01 10:57:54.500,IO2508-P-3700,2.2,2.2,2.4
2025-08-01,2025-08-01 10:57:56.500,IO2508-P-3700,2.2,2.2,2.4
2025-08-01,2025-08-01 10:57:57.500,IO2508-P-3700,2.2,2.2,2.4
2025-08-01,2025-08-01 10:57:58.000,IO2508-P-3700,2.2,2.2,2.4
2025-08-01,2025-08-01 10:58:00.500,IO2508-P-3700,2.2,2.2,2.4
2025-08-01,2025-08-01 10:58:01.000,IO2508-P-3700,2.2,2.2,2.4
2025-08-01,2025-08-01 10:58:06.500,IO2508-P-3700,2.2,2.2,2.4
2025-08-01,2025-08-01 10:58:07.000,IO2508-P-3700,2.2,2.2,2.4
2025-08-01,2025-08-01 10:58:30.000,IO2508-P-3700,2.2,2.2,2.4
2025-08-01,2025-08-01 10:58:30.500,IO2508-P-3700,2.2,2.2,2.4
2025-08-01,2025-08-01 10:58:36.500,IO2508-P-3700,2.2,2.2,2.4
2025-08-01,2025-08-01 10:58:37.000,IO2508-P-3700,2.2,2.2,2.4
2025-08-01,2025-08-01 10:58:37.500,IO2508-P-3700,2.2,2.2,2.4
2025-08-01,2025-08-01 10:58:48.000,IO2508-P-3700,2.2,2.2,2.4
2025-08-01,2025-08-01 10:58:54.000,IO2508-P-3700,2.2,2.2,2.4
2025-08-01,2025-08-01 10:59:06.000,IO2508-P-3700,2.2,2.2,2.4
2025-08-01,2025-08-01 10:59:06.500,IO2508-P-3700,2.2,2.2,2.4
2025-08-01,2025-08-01 10:59:07.000,IO2508-P-3700,2.2,2.2,2.4
2025-08-01,2025-08-01 10:59:33.000,IO2508-P-3700,2.2,2.2,2.4
2025-08-01,2025-08-01 10:59:39.500,IO2508-P-3700,2.2,2.2,2.4
2025-08-01,2025-08-01 11:00:03.500,IO2508-P-3700,2.2,2.2,2.4
2025-08-01,2025-08-01 11:00:04.500,IO2508-P-3700,2.2,2.2,2.4
2025-08-01,2025-08-01 11:00:06.500,IO2508-P-3700,2.2,2.2,2.4
2025-08-01,2025-08-01 11:00:07.000,IO2508-P-3700,2.2,2.2,2.4
2025-08-01,2025-08-01 11:00:11.500,IO2508-P-3700,2.2,2.2,2.4
2025-08-01,2025-08-01 11:00:12.500,IO2508-P-3700,2.2,2.2,2.4
2025-08-01,2025-08-01 11:00:16.000,IO2508-P-3700,2.2,2.2,2.4
2025-08-01,2025-08-01 11:00:36.500,IO2508-P-3700,2.2,2.2,2.4
2025-08-01,2025-08-01 11:00:37.000,IO2508-P-3700,2.2,2.2,2.4
2025-08-01,2025-08-01 11:00:40.500,IO2508-P-3700,2.2,2.2,2.4
2025-08-01,2025-08-01 11:00:44.500,IO2508-P-3700,2.2,2.2,2.4
2025-08-01,2025-08-01 11:00:50.500,IO2508-P-3700,2.2,2.2,2.4
2025-08-01,2025-08-01 11:00:52.000,IO2508-P-3700,2.2,2.2,2.4
2025-08-01,2025-08-01 11:01:06.000,IO2508-P-3700,2.2,2.2,2.4
2025-08-01,2025-08-01 11:01:06.500,IO2508-P-3700,2.2,2.2,2.4
2025-08-01,2025-08-01 11:01:07.000,IO2508-P-3700,2.2,2.2,2.4
2025-08-01,2025-08-01 11:01:11.000,IO2508-P-3700,2.2,2.2,2.4
2025-08-01,2025-08-01 11:01:16.500,IO2508-P-3700,2.2,2.2,2.4
2025-08-01,2025-08-01 11:01:17.000,IO2508-P-3700,2.2,2.2,2.4
2025-08-01,2025-08-01 11:01:26.500,IO2508-P-3700,2.2,2.2,2.4
2025-08-01,2025-08-01 11:01:27.500,IO2508-P-3700,2.2,2.2,2.4
2025-08-01,2025-08-01 11:01:31.000,IO2508-P-3700,2.2,2.2,2.4
2025-08-01,2025-08-01 11:01:34.500,IO2508-P-3700,2.2,2.2,2.4
2025-08-01,2025-08-01 11:01:35.000,IO2508-P-3700,2.2,2.2,2.4
2025-08-01,2025-08-01 11:01:36.500,IO2508-P-3700,2.2,2.2,2.4
2025-08-01,2025-08-01 11:01:37.000,IO2508-P-3700,2.2,2.2,2.4
2025-08-01,2025-08-01 11:01:49.500,IO2508-P-3700,2.2,2.2,2.4
2025-08-01,2025-08-01 11:01:51.000,IO2508-P-3700,2.2,2.2,2.4
2025-08-01,2025-08-01 11:01:59.500,IO2508-P-3700,2.2,2.2,2.4
2025-08-01,2025-08-01 11:02:06.500,IO2508-P-3700,2.2,2.2,2.4
2025-08-01,2025-08-01 11:02:07.000,IO2508-P-3700,2.2,2.2,2.4
2025-08-01,2025-08-01 11:02:25.500,IO2508-P-3700,2.2,2.2,2.4
2025-08-01,2025-08-01 11:02:28.000,IO2508-P-3700,2.2,2.2,2.4
2025-08-01,2025-08-01 11:02:31.000,IO2508-P-3700,2.2,2.2,2.4
2025-08-01,2025-08-01 11:02:32.000,IO2508-P-3700,2.2,2.2,2.4
2025-08-01,2025-08-01 11:02:33.000,IO2508-P-3700,2.2,2.2,2.4
2025-08-01,2025-08-01 11:02:36.000,IO2508-P-3700,2.2,2.2,2.4
2025-08-01,2025-08-01 11:02:36.500,IO2508-P-3700,2.2,2.2,2.4
2025-08-01,2025-08-01 11:02:37.000,IO2508-P-3700,2.2,2.2,2.4
2025-08-01,2025-08-01 11:02:44.000,IO2508-P-3700,2.2,2.2,2.4
2025-08-01,2025-08-01 11:02:49.000,IO2508-P-3700,2.2,2.2,2.4
2025-08-01,2025-08-01 11:02:50.000,IO2508-P-3700,2.2,2.2,2.4
2025-08-01,2025-08-01 11:02:53.500,IO2508-P-3700,2.2,2.2,2.4
2025-08-01,2025-08-01 11:02:56.000,IO2508-P-3700,2.2,2.2,2.4
2025-08-01,2025-08-01 11:03:06.500,IO2508-P-3700,2.2,2.2,2.4
2025-08-01,2025-08-01 11:03:07.000,IO2508-P-3700,2.2,2.2,2.4
2025-08-01,2025-08-01 11:03:08.500,IO2508-P-3700,2.2,2.2,2.4
2025-08-01,2025-08-01 11:03:24.500,IO2508-P-3700,2.2,2.2,2.4
2025-08-01,2025-08-01 11:03:26.000,IO2508-P-3700,2.2,2.2,2.4
2025-08-01,2025-08-01 11:03:36.500,IO2508-P-3700,2.2,2.2,2.4
2025-08-01,2025-08-01 11:03:37.000,IO2508-P-3700,2.2,2.2,2.4
2025-08-01,2025-08-01 11:04:06.500,IO2508-P-3700,2.2,2.2,2.4
2025-08-01,2025-08-01 11:04:07.000,IO2508-P-3700,2.2,2.2,2.4
2025-08-01,2025-08-01 11:04:08.000,IO2508-P-3700,2.2,2.2,2.4
2025-08-01,2025-08-01 11:04:09.500,IO2508-P-3700,2.2,2.2,2.4
2025-08-01,2025-08-01 11:04:36.500,IO2508-P-3700,2.2,2.2,2.4
2025-08-01,2025-08-01 11:04:37.000,IO2508-P-3700,2.2,2.2,2.4
2025-08-01,2025-08-01 11:05:00.500,IO2508-P-3700,2.2,2.2,2.4
2025-08-01,2025-08-01 11:05:06.500,IO2508-P-3700,2.2,2.2,2.4
2025-08-01,2025-08-01 11:05:07.000,IO2508-P-3700,2.2,2.2,2.4
2025-08-01,2025-08-01 11:05:19.500,IO2508-P-3700,2.2,2.2,2.4
2025-08-01,2025-08-01 11:05:26.000,IO2508-P-3700,2.2,2.2,2.4
2025-08-01,2025-08-01 11:05:31.000,IO2508-P-3700,2.2,2.2,2.4
2025-08-01,2025-08-01 11:05:36.500,IO2508-P-3700,2.2,2.2,2.4
2025-08-01,2025-08-01 11:05:37.000,IO2508-P-3700,2.2,2.2,2.4
2025-08-01,2025-08-01 11:05:41.000,IO2508-P-3700,2.2,2.2,2.4
2025-08-01,2025-08-01 11:05:43.000,IO2508-P-3700,2.2,2.2,2.4
2025-08-01,2025-08-01 11:06:01.500,IO2508-P-3700,2.2,2.2,2.4
2025-08-01,2025-08-01 11:06:06.000,IO2508-P-3700,2.2,2.2,2.4
2025-08-01,2025-08-01 11:06:06.500,IO2508-P-3700,2.2,2.2,2.4
2025-08-01,2025-08-01 11:06:07.000,IO2508-P-3700,2.2,2.2,2.4
2025-08-01,2025-08-01 11:06:08.000,IO2508-P-3700,2.2,2.2,2.4
2025-08-01,2025-08-01 11:06:14.000,IO2508-P-3700,2.2,2.2,2.4
2025-08-01,2025-08-01 11:06:15.000,IO2508-P-3700,2.2,2.2,2.4
2025-08-01,2025-08-01 11:06:36.500,IO2508-P-3700,2.2,2.2,2.4
2025-08-01,2025-08-01 11:06:37.000,IO2508-P-3700,2.2,2.2,2.4
2025-08-01,2025-08-01 11:06:50.000,IO2508-P-3700,2.2,2.2,2.4
2025-08-01,2025-08-01 11:07:00.000,IO2508-P-3700,2.2,2.2,2.4
2025-08-01,2025-08-01 11:07:06.500,IO2508-P-3700,2.2,2.2,2.4
2025-08-01,2025-08-01 11:07:07.000,IO2508-P-3700,2.2,2.2,2.4
2025-08-01,2025-08-01 11:07:09.000,IO2508-P-3700,2.2,2.2,2.4
2025-08-01,2025-08-01 11:07:36.500,IO2508-P-3700,2.2,2.2,2.4
2025-08-01,2025-08-01 11:07:37.000,IO2508-P-3700,2.2,2.2,2.4
2025-08-01,2025-08-01 11:08:06.500,IO2508-P-3700,2.2,2.2,2.4
2025-08-01,2025-08-01 11:08:07.000,IO2508-P-3700,2.2,2.2,2.4
2025-08-01,2025-08-01 11:08:15.000,IO2508-P-3700,2.2,2.2,2.4
2025-08-01,2025-08-01 11:08:17.500,IO2508-P-3700,2.2,2.2,2.4
2025-08-01,2025-08-01 11:08:18.500,IO2508-P-3700,2.2,2.2,2.4
2025-08-01,2025-08-01 11:08:26.000,IO2508-P-3700,2.2,2.2,2.4
2025-08-01,2025-08-01 11:08:36.500,IO2508-P-3700,2.2,2.2,2.4
2025-08-01,2025-08-01 11:08:37.000,IO2508-P-3700,2.2,2.2,2.4
2025-08-01,2025-08-01 11:08:40.500,IO2508-P-3700,2.2,2.2,2.4
2025-08-01,2025-08-01 11:08:42.000,IO2508-P-3700,2.2,2.2,2.4
2025-08-01,2025-08-01 11:08:42.500,IO2508-P-3700,2.2,2.2,2.4
2025-08-01,2025-08-01 11:09:06.500,IO2508-P-3700,2.2,2.2,2.4
2025-08-01,2025-08-01 11:09:07.000,IO2508-P-3700,2.2,2.2,2.4
2025-08-01,2025-08-01 11:09:31.000,IO2508-P-3700,2.2,2.2,2.4
2025-08-01,2025-08-01 11:09:36.500,IO2508-P-3700,2.2,2.2,2.4
2025-08-01,2025-08-01 11:09:37.000,IO2508-P-3700,2.2,2.2,2.4
2025-08-01,2025-08-01 11:10:01.500,IO2508-P-3700,2.2,2.2,2.4
2025-08-01,2025-08-01 11:10:05.000,IO2508-P-3700,2.2,2.2,2.4
2025-08-01,2025-08-01 11:10:06.500,IO2508-P-3700,2.2,2.2,2.4
2025-08-01,2025-08-01 11:10:07.000,IO2508-P-3700,2.2,2.2,2.4
2025-08-01,2025-08-01 11:10:36.500,IO2508-P-3700,2.2,2.2,2.4
2025-08-01,2025-08-01 11:10:37.000,IO2508-P-3700,2.2,2.2,2.4
2025-08-01,2025-08-01 11:10:38.000,IO2508-P-3700,2.2,2.2,2.4
2025-08-01,2025-08-01 11:10:55.000,IO2508-P-3700,2.2,2.2,2.4
2025-08-01,2025-08-01 11:11:06.500,IO2508-P-3700,2.2,2.2,2.4
2025-08-01,2025-08-01 11:11:07.000,IO2508-P-3700,2.2,2.2,2.4
2025-08-01,2025-08-01 11:11:07.500,IO2508-P-3700,2.2,2.2,2.4
2025-08-01,2025-08-01 11:11:08.000,IO2508-P-3700,2.2,2.2,2.4
2025-08-01,2025-08-01 11:11:16.000,IO2508-P-3700,2.2,2.2,2.4
2025-08-01,2025-08-01 11:11:16.500,IO2508-P-3700,2.2,2.2,2.4
2025-08-01,2025-08-01 11:11:36.500,IO2508-P-3700,2.2,2.2,2.4
2025-08-01,2025-08-01 11:11:37.000,IO2508-P-3700,2.2,2.2,2.4
2025-08-01,2025-08-01 11:11:42.000,IO2508-P-3700,2.2,2.2,2.4
2025-08-01,2025-08-01 11:11:44.500,IO2508-P-3700,2.2,2.2,2.4
2025-08-01,2025-08-01 11:12:04.000,IO2508-P-3700,2.2,2.2,2.4
2025-08-01,2025-08-01 11:12:06.500,IO2508-P-3700,2.2,2.2,2.4
2025-08-01,2025-08-01 11:12:07.000,IO2508-P-3700,2.2,2.2,2.4
2025-08-01,2025-08-01 11:12:08.500,IO2508-P-3700,2.2,2.2,2.4
2025-08-01,2025-08-01 11:12:12.000,IO2508-P-3700,2.2,2.2,2.4
2025-08-01,2025-08-01 11:12:14.500,IO2508-P-3700,2.2,2.2,2.4
2025-08-01,2025-08-01 11:12:36.500,IO2508-P-3700,2.2,2.2,2.4
2025-08-01,2025-08-01 11:12:37.000,IO2508-P-3700,2.2,2.2,2.4
2025-08-01,2025-08-01 11:13:02.500,IO2508-P-3700,2.2,2.2,2.4
2025-08-01,2025-08-01 11:13:03.500,IO2508-P-3700,2.2,2.2,2.4
2025-08-01,2025-08-01 11:13:06.500,IO2508-P-3700,2.2,2.2,2.4
2025-08-01,2025-08-01 11:13:07.000,IO2508-P-3700,2.2,2.2,2.4
2025-08-01,2025-08-01 11:13:07.500,IO2508-P-3700,2.2,2.2,2.4
2025-08-01,2025-08-01 11:13:36.500,IO2508-P-3700,2.2,2.2,2.4
2025-08-01,2025-08-01 11:13:37.000,IO2508-P-3700,2.2,2.2,2.4
2025-08-01,2025-08-01 11:13:45.000,IO2508-P-3700,2.2,2.2,2.4
2025-08-01,2025-08-01 11:14:06.500,IO2508-P-3700,2.2,2.2,2.4
2025-08-01,2025-08-01 11:14:07.000,IO2508-P-3700,2.2,2.2,2.4
2025-08-01,2025-08-01 11:14:11.500,IO2508-P-3700,2.2,2.2,2.4
2025-08-01,2025-08-01 11:14:36.500,IO2508-P-3700,2.2,2.2,2.4
2025-08-01,2025-08-01 11:14:37.000,IO2508-P-3700,2.2,2.2,2.4
2025-08-01,2025-08-01 11:14:42.500,IO2508-P-3700,2.2,2.2,2.4
2025-08-01,2025-08-01 11:14:52.500,IO2508-P-3700,2.2,2.2,2.4
2025-08-01,2025-08-01 11:14:53.000,IO2508-P-3700,2.2,2.2,2.4
2025-08-01,2025-08-01 11:15:06.500,IO2508-P-3700,2.2,2.2,2.4
2025-08-01,2025-08-01 11:15:07.000,IO2508-P-3700,2.2,2.2,2.4
2025-08-01,2025-08-01 11:15:07.500,IO2508-P-3700,2.2,2.2,2.4
2025-08-01,2025-08-01 11:15:10.500,IO2508-P-3700,2.2,2.2,2.4
2025-08-01,2025-08-01 11:15:11.000,IO2508-P-3700,2.2,2.2,2.4
2025-08-01,2025-08-01 11:15:36.500,IO2508-P-3700,2.2,2.2,2.4
2025-08-01,2025-08-01 11:15:37.000,IO2508-P-3700,2.2,2.2,2.4
2025-08-01,2025-08-01 11:15:50.500,IO2508-P-3700,2.2,2.2,2.4
2025-08-01,2025-08-01 11:15:53.500,IO2508-P-3700,2.2,2.2,2.4
2025-08-01,2025-08-01 11:16:06.500,IO2508-P-3700,2.2,2.2,2.4
2025-08-01,2025-08-01 11:16:07.000,IO2508-P-3700,2.2,2.2,2.4
2025-08-01,2025-08-01 11:16:11.000,IO2508-P-3700,2.2,2.2,2.4
2025-08-01,2025-08-01 11:16:36.500,IO2508-P-3700,2.2,2.2,2.4
2025-08-01,2025-08-01 11:16:37.000,IO2508-P-3700,2.2,2.2,2.4
2025-08-01,2025-08-01 11:16:58.500,IO2508-P-3700,2.2,2.2,2.4
2025-08-01,2025-08-01 11:17:06.500,IO2508-P-3700,2.2,2.2,2.4
2025-08-01,2025-08-01 11:17:07.000,IO2508-P-3700,2.2,2.2,2.4
2025-08-01,2025-08-01 11:17:08.500,IO2508-P-3700,2.2,2.2,2.4
2025-08-01,2025-08-01 11:17:16.000,IO2508-P-3700,2.2,2.2,2.4
2025-08-01,2025-08-01 11:17:18.500,IO2508-P-3700,2.2,2.2,2.4
2025-08-01,2025-08-01 11:17:19.500,IO2508-P-3700,2.2,2.2,2.4
2025-08-01,2025-08-01 11:17:20.500,IO2508-P-3700,2.2,2.2,2.4
2025-08-01,2025-08-01 11:17:36.500,IO2508-P-3700,2.2,2.2,2.4
2025-08-01,2025-08-01 11:17:37.000,IO2508-P-3700,2.2,2.2,2.4
2025-08-01,2025-08-01 11:17:44.500,IO2508-P-3700,2.2,2.2,2.4
2025-08-01,2025-08-01 11:17:45.000,IO2508-P-3700,2.2,2.2,2.4
2025-08-01,2025-08-01 11:18:06.500,IO2508-P-3700,2.2,2.2,2.4
2025-08-01,2025-08-01 11:18:07.000,IO2508-P-3700,2.2,2.2,2.4
2025-08-01,2025-08-01 11:18:13.500,IO2508-P-3700,2.2,2.2,2.4
2025-08-01,2025-08-01 11:18:36.500,IO2508-P-3700,2.2,2.2,2.4
2025-08-01,2025-08-01 11:18:37.000,IO2508-P-3700,2.2,2.2,2.4
2025-08-01,2025-08-01 11:19:06.500,IO2508-P-3700,2.2,2.2,2.4
2025-08-01,2025-08-01 11:19:07.000,IO2508-P-3700,2.2,2.2,2.4
2025-08-01,2025-08-01 11:19:36.500,IO2508-P-3700,2.2,2.2,2.4
2025-08-01,2025-08-01 11:19:37.000,IO2508-P-3700,2.2,2.2,2.4
2025-08-01,2025-08-01 11:19:46.500,IO2508-P-3700,2.2,2.2,2.4
2025-08-01,2025-08-01 11:19:47.000,IO2508-P-3700,2.2,2.2,2.4
2025-08-01,2025-08-01 11:20:06.500,IO2508-P-3700,2.2,2.2,2.4
2025-08-01,2025-08-01 11:20:07.000,IO2508-P-3700,2.2,2.2,2.4
2025-08-01,2025-08-01 11:20:36.500,IO2508-P-3700,2.2,2.2,2.4
2025-08-01,2025-08-01 11:20:37.000,IO2508-P-3700,2.2,2.2,2.4
2025-08-01,2025-08-01 11:21:06.500,IO2508-P-3700,2.2,2.2,2.4
2025-08-01,2025-08-01 11:21:07.000,IO2508-P-3700,2.2,2.2,2.4
2025-08-01,2025-08-01 11:21:36.500,IO2508-P-3700,2.2,2.2,2.4
2025-08-01,2025-08-01 11:21:37.000,IO2508-P-3700,2.2,2.2,2.4
2025-08-01,2025-08-01 11:21:56.500,IO2508-P-3700,2.2,2.2,2.4
2025-08-01,2025-08-01 11:22:06.500,IO2508-P-3700,2.2,2.2,2.4
2025-08-01,2025-08-01 11:22:07.000,IO2508-P-3700,2.2,2.2,2.4
2025-08-01,2025-08-01 11:22:36.500,IO2508-P-3700,2.2,2.2,2.4
2025-08-01,2025-08-01 11:22:37.000,IO2508-P-3700,2.2,2.2,2.4
2025-08-01,2025-08-01 11:22:49.500,IO2508-P-3700,2.2,2.2,2.4
2025-08-01,2025-08-01 11:22:50.000,IO2508-P-3700,2.2,2.2,2.4
2025-08-01,2025-08-01 11:23:06.500,IO2508-P-3700,2.2,2.2,2.4
2025-08-01,2025-08-01 11:23:07.000,IO2508-P-3700,2.2,2.2,2.4
2025-08-01,2025-08-01 11:23:36.500,IO2508-P-3700,2.2,2.2,2.4
2025-08-01,2025-08-01 11:23:37.000,IO2508-P-3700,2.2,2.2,2.4
2025-08-01,2025-08-01 11:24:06.500,IO2508-P-3700,2.2,2.2,2.4
2025-08-01,2025-08-01 11:24:07.000,IO2508-P-3700,2.2,2.2,2.4
2025-08-01,2025-08-01 11:24:11.500,IO2508-P-3700,2.2,2.2,2.4
2025-08-01,2025-08-01 11:24:13.500,IO2508-P-3700,2.2,2.2,2.4
2025-08-01,2025-08-01 11:24:36.500,IO2508-P-3700,2.2,2.2,2.4
2025-08-01,2025-08-01 11:24:37.000,IO2508-P-3700,2.2,2.2,2.4
2025-08-01,2025-08-01 11:24:55.500,IO2508-P-3700,2.2,2.2,2.4
2025-08-01,2025-08-01 11:25:00.000,IO2508-P-3700,2.2,2.2,2.4
2025-08-01,2025-08-01 11:25:06.500,IO2508-P-3700,2.2,2.2,2.4
2025-08-01,2025-08-01 11:25:07.000,IO2508-P-3700,2.2,2.2,2.4
2025-08-01,2025-08-01 11:25:14.500,IO2508-P-3700,2.2,2.2,2.4
2025-08-01,2025-08-01 11:25:18.000,IO2508-P-3700,2.2,2.2,2.4
2025-08-01,2025-08-01 11:25:28.000,IO2508-P-3700,2.2,2.2,2.4
2025-08-01,2025-08-01 11:25:36.500,IO2508-P-3700,2.2,2.2,2.4
2025-08-01,2025-08-01 11:25:37.000,IO2508-P-3700,2.2,2.2,2.4
2025-08-01,2025-08-01 11:25:40.000,IO2508-P-3700,2.2,2.2,2.4
2025-08-01,2025-08-01 11:25:50.500,IO2508-P-3700,2.2,2.2,2.4
2025-08-01,2025-08-01 11:25:51.500,IO2508-P-3700,2.2,2.2,2.4
2025-08-01,2025-08-01 11:26:06.500,IO2508-P-3700,2.2,2.2,2.4
2025-08-01,2025-08-01 11:26:07.000,IO2508-P-3700,2.2,2.2,2.4
2025-08-01,2025-08-01 11:26:08.500,IO2508-P-3700,2.2,2.2,2.4
2025-08-01,2025-08-01 11:26:22.500,IO2508-P-3700,2.2,2.2,2.4
2025-08-01,2025-08-01 11:26:24.500,IO2508-P-3700,2.2,2.2,2.4
2025-08-01,2025-08-01 11:26:36.500,IO2508-P-3700,2.2,2.2,2.4
2025-08-01,2025-08-01 11:26:37.000,IO2508-P-3700,2.2,2.2,2.4
2025-08-01,2025-08-01 11:26:43.500,IO2508-P-3700,2.2,2.2,2.4
2025-08-01,2025-08-01 11:26:44.500,IO2508-P-3700,2.2,2.2,2.4
2025-08-01,2025-08-01 11:26:46.500,IO2508-P-3700,2.2,2.2,2.4
2025-08-01,2025-08-01 11:27:03.500,IO2508-P-3700,2.2,2.2,2.4
2025-08-01,2025-08-01 11:27:06.500,IO2508-P-3700,2.2,2.2,2.4
2025-08-01,2025-08-01 11:27:07.000,IO2508-P-3700,2.2,2.2,2.4
2025-08-01,2025-08-01 11:27:08.000,IO2508-P-3700,2.2,2.2,2.4
2025-08-01,2025-08-01 11:27:36.500,IO2508-P-3700,2.2,2.2,2.4
2025-08-01,2025-08-01 11:27:37.000,IO2508-P-3700,2.2,2.2,2.4
2025-08-01,2025-08-01 11:28:06.500,IO2508-P-3700,2.2,2.2,2.4
2025-08-01,2025-08-01 11:28:07.000,IO2508-P-3700,2.2,2.2,2.4
2025-08-01,2025-08-01 11:28:36.500,IO2508-P-3700,2.2,2.2,2.4
2025-08-01,2025-08-01 11:28:37.000,IO2508-P-3700,2.2,2.2,2.4
2025-08-01,2025-08-01 11:28:39.500,IO2508-P-3700,2.2,2.2,2.4
2025-08-01,2025-08-01 11:28:40.000,IO2508-P-3700,2.2,2.2,2.4
2025-08-01,2025-08-01 11:28:40.500,IO2508-P-3700,2.2,2.2,2.4
2025-08-01,2025-08-01 11:28:43.500,IO2508-P-3700,2.2,2.2,2.4
2025-08-01,2025-08-01 11:28:50.500,IO2508-P-3700,2.2,2.2,2.4
2025-08-01,2025-08-01 11:28:53.500,IO2508-P-3700,2.2,2.2,2.4
2025-08-01,2025-08-01 11:28:55.500,IO2508-P-3700,2.2,2.2,2.4
2025-08-01,2025-08-01 11:29:01.500,IO2508-P-3700,2.2,2.2,2.4
2025-08-01,2025-08-01 11:29:06.500,IO2508-P-3700,2.2,2.2,2.4
2025-08-01,2025-08-01 11:29:07.000,IO2508-P-3700,2.2,2.2,2.4
2025-08-01,2025-08-01 11:29:08.500,IO2508-P-3700,2.2,2.2,2.4
2025-08-01,2025-08-01 11:29:10.000,IO2508-P-3700,2.2,2.2,2.4
2025-08-01,2025-08-01 11:29:10.500,IO2508-P-3700,2.2,2.2,2.4
2025-08-01,2025-08-01 11:29:11.500,IO2508-P-3700,2.2,2.2,2.4
2025-08-01,2025-08-01 11:29:20.500,IO2508-P-3700,2.2,2.2,2.4
2025-08-01,2025-08-01 11:29:22.500,IO2508-P-3700,2.2,2.2,2.4
2025-08-01,2025-08-01 11:29:30.000,IO2508-P-3700,2.2,2.2,2.4
2025-08-01,2025-08-01 11:29:30.500,IO2508-P-3700,2.2,2.2,2.4
2025-08-01,2025-08-01 11:29:31.000,IO2508-P-3700,2.2,2.2,2.4
2025-08-01,2025-08-01 11:29:31.500,IO2508-P-3700,2.2,2.2,2.4
2025-08-01,2025-08-01 11:29:32.000,IO2508-P-3700,2.2,2.2,2.4
2025-08-01,2025-08-01 11:29:34.000,IO2508-P-3700,2.2,2.2,2.4
2025-08-01,2025-08-01 11:29:39.000,IO2508-P-3700,2.2,2.2,2.4
2025-08-01,2025-08-01 11:29:40.000,IO2508-P-3700,2.2,2.2,2.4
2025-08-01,2025-08-01 11:29:40.500,IO2508-P-3700,2.2,2.2,2.4
2025-08-01,2025-08-01 11:29:41.000,IO2508-P-3700,2.2,2.2,2.4
2025-08-01,2025-08-01 11:29:45.000,IO2508-P-3700,2.2,2.2,2.4
2025-08-01,2025-08-01 11:29:45.500,IO2508-P-3700,2.2,2.2,2.4
2025-08-01,2025-08-01 11:29:46.000,IO2508-P-3700,2.2,2.2,2.4
2025-08-01,2025-08-01 11:29:47.500,IO2508-P-3700,2.2,2.2,2.4
2025-08-01,2025-08-01 11:29:48.000,IO2508-P-3700,2.2,2.2,2.4
2025-08-01,2025-08-01 11:29:48.500,IO2508-P-3700,2.2,2.2,2.4
2025-08-01,2025-08-01 11:29:49.000,IO2508-P-3700,2.2,2.2,2.4
2025-08-01,2025-08-01 11:30:00.000,IO2508-P-3700,2.2,2.2,2.4
2025-08-01,2025-08-01 13:00:00.500,IO2508-P-3700,2.2,2.2,2.4
2025-08-01,2025-08-01 13:00:01.000,IO2508-P-3700,2.2,2.2,2.4
2025-08-01,2025-08-01 13:00:06.500,IO2508-P-3700,2.2,2.2,2.4
2025-08-01,2025-08-01 13:00:07.000,IO2508-P-3700,2.2,2.2,2.4
2025-08-01,2025-08-01 13:00:10.500,IO2508-P-3700,2.2,2.2,2.4
2025-08-01,2025-08-01 13:00:11.000,IO2508-P-3700,2.2,2.2,2.4
2025-08-01,2025-08-01 13:00:11.500,IO2508-P-3700,2.2,2.2,2.4
2025-08-01,2025-08-01 13:00:13.500,IO2508-P-3700,2.2,2.2,2.4
2025-08-01,2025-08-01 13:00:14.500,IO2508-P-3700,2.2,2.2,2.4
2025-08-01,2025-08-01 13:00:15.000,IO2508-P-3700,2.2,2.2,2.4
2025-08-01,2025-08-01 13:00:17.000,IO2508-P-3700,2.2,2.2,2.4
2025-08-01,2025-08-01 13:00:18.000,IO2508-P-3700,2.2,2.2,2.4
2025-08-01,2025-08-01 13:00:18.500,IO2508-P-3700,2.2,2.0,2.4
2025-08-01,2025-08-01 13:00:19.000,IO2508-P-3700,2.2,2.0,2.4
2025-08-01,2025-08-01 13:00:19.500,IO2508-P-3700,2.2,2.0,2.4
2025-08-01,2025-08-01 13:00:20.000,IO2508-P-3700,2.2,2.0,2.4
2025-08-01,2025-08-01 13:00:21.000,IO2508-P-3700,2.2,2.0,2.4
2025-08-01,2025-08-01 13:00:23.500,IO2508-P-3700,2.2,2.0,2.4
2025-08-01,2025-08-01 13:00:27.000,IO2508-P-3700,2.2,2.0,2.4
2025-08-01,2025-08-01 13:00:28.000,IO2508-P-3700,2.2,2.0,2.4
2025-08-01,2025-08-01 13:00:28.500,IO2508-P-3700,2.2,2.2,2.4
2025-08-01,2025-08-01 13:00:29.000,IO2508-P-3700,2.2,2.2,2.4
2025-08-01,2025-08-01 13:00:30.500,IO2508-P-3700,2.2,2.2,2.4
2025-08-01,2025-08-01 13:00:35.500,IO2508-P-3700,2.2,2.2,2.4
2025-08-01,2025-08-01 13:00:36.000,IO2508-P-3700,2.2,2.2,2.4
2025-08-01,2025-08-01 13:00:37.500,IO2508-P-3700,2.2,2.2,2.4
2025-08-01,2025-08-01 13:00:42.500,IO2508-P-3700,2.2,2.2,2.4
2025-08-01,2025-08-01 13:00:55.500,IO2508-P-3700,2.2,2.2,2.4
2025-08-01,2025-08-01 13:01:02.500,IO2508-P-3700,2.2,2.2,2.4
2025-08-01,2025-08-01 13:01:03.000,IO2508-P-3700,2.2,2.2,2.4
2025-08-01,2025-08-01 13:01:05.500,IO2508-P-3700,2.2,2.2,2.4
2025-08-01,2025-08-01 13:01:06.500,IO2508-P-3700,2.2,2.2,2.4
2025-08-01,2025-08-01 13:01:07.000,IO2508-P-3700,2.2,2.2,2.4
2025-08-01,2025-08-01 13:01:18.500,IO2508-P-3700,2.2,2.2,2.4
2025-08-01,2025-08-01 13:01:19.500,IO2508-P-3700,2.2,2.2,2.4
2025-08-01,2025-08-01 13:01:24.000,IO2508-P-3700,2.2,2.2,2.4
2025-08-01,2025-08-01 13:01:30.000,IO2508-P-3700,2.2,2.2,2.4
2025-08-01,2025-08-01 13:01:31.000,IO2508-P-3700,2.2,2.2,2.4
2025-08-01,2025-08-01 13:01:34.500,IO2508-P-3700,2.2,2.2,2.4
2025-08-01,2025-08-01 13:01:35.000,IO2508-P-3700,2.2,2.2,2.4
2025-08-01,2025-08-01 13:01:36.000,IO2508-P-3700,2.2,2.2,2.4
2025-08-01,2025-08-01 13:01:36.500,IO2508-P-3700,2.2,2.2,2.4
2025-08-01,2025-08-01 13:01:37.000,IO2508-P-3700,2.2,2.2,2.4
2025-08-01,2025-08-01 13:01:40.000,IO2508-P-3700,2.2,2.2,2.4
2025-08-01,2025-08-01 13:01:57.500,IO2508-P-3700,2.2,2.2,2.4
2025-08-01,2025-08-01 13:02:01.000,IO2508-P-3700,2.2,2.2,2.4
2025-08-01,2025-08-01 13:02:01.500,IO2508-P-3700,2.2,2.0,2.2
2025-08-01,2025-08-01 13:02:02.000,IO2508-P-3700,2.2,2.0,2.2
2025-08-01,2025-08-01 13:02:02.500,IO2508-P-3700,2.2,2.0,2.2
2025-08-01,2025-08-01 13:02:05.000,IO2508-P-3700,2.2,2.0,2.2
2025-08-01,2025-08-01 13:02:06.500,IO2508-P-3700,2.2,2.0,2.2
2025-08-01,2025-08-01 13:02:07.000,IO2508-P-3700,2.2,2.0,2.2
2025-08-01,2025-08-01 13:02:11.500,IO2508-P-3700,2.2,2.0,2.2
2025-08-01,2025-08-01 13:02:12.500,IO2508-P-3700,2.2,2.0,2.2
2025-08-01,2025-08-01 13:02:13.000,IO2508-P-3700,2.2,2.0,2.2
2025-08-01,2025-08-01 13:02:17.500,IO2508-P-3700,2.2,2.0,2.2
2025-08-01,2025-08-01 13:02:18.000,IO2508-P-3700,2.2,2.0,2.2
2025-08-01,2025-08-01 13:02:18.500,IO2508-P-3700,2.2,2.0,2.2
2025-08-01,2025-08-01 13:02:19.000,IO2508-P-3700,2.2,2.0,2.2
2025-08-01,2025-08-01 13:02:20.500,IO2508-P-3700,2.2,2.0,2.2
2025-08-01,2025-08-01 13:02:21.500,IO2508-P-3700,2.2,2.0,2.4
2025-08-01,2025-08-01 13:02:22.000,IO2508-P-3700,2.2,2.0,2.4
2025-08-01,2025-08-01 13:02:22.500,IO2508-P-3700,2.2,2.0,2.4
2025-08-01,2025-08-01 13:02:31.500,IO2508-P-3700,2.2,2.2,2.4
2025-08-01,2025-08-01 13:02:32.000,IO2508-P-3700,2.2,2.2,2.4
2025-08-01,2025-08-01 13:02:32.500,IO2508-P-3700,2.2,2.2,2.4
2025-08-01,2025-08-01 13:02:34.500,IO2508-P-3700,2.2,2.2,2.4
2025-08-01,2025-08-01 13:02:36.500,IO2508-P-3700,2.2,2.2,2.4
2025-08-01,2025-08-01 13:02:37.000,IO2508-P-3700,2.2,2.2,2.4
2025-08-01,2025-08-01 13:03:06.500,IO2508-P-3700,2.2,2.2,2.4
2025-08-01,2025-08-01 13:03:07.000,IO2508-P-3700,2.2,2.2,2.4
2025-08-01,2025-08-01 13:03:07.500,IO2508-P-3700,2.2,2.2,2.4
2025-08-01,2025-08-01 13:03:09.000,IO2508-P-3700,2.2,2.2,2.4
2025-08-01,2025-08-01 13:03:09.500,IO2508-P-3700,2.2,2.2,2.4
2025-08-01,2025-08-01 13:03:11.500,IO2508-P-3700,2.2,2.2,2.4
2025-08-01,2025-08-01 13:03:12.000,IO2508-P-3700,2.2,2.2,2.4
2025-08-01,2025-08-01 13:03:15.000,IO2508-P-3700,2.2,2.2,2.4
2025-08-01,2025-08-01 13:03:24.000,IO2508-P-3700,2.2,2.2,2.4
2025-08-01,2025-08-01 13:03:25.000,IO2508-P-3700,2.2,2.2,2.4
2025-08-01,2025-08-01 13:03:25.500,IO2508-P-3700,2.2,2.2,2.4
2025-08-01,2025-08-01 13:03:26.000,IO2508-P-3700,2.2,2.2,2.4
2025-08-01,2025-08-01 13:03:36.500,IO2508-P-3700,2.2,2.2,2.4
2025-08-01,2025-08-01 13:03:37.000,IO2508-P-3700,2.2,2.2,2.4
2025-08-01,2025-08-01 13:03:38.500,IO2508-P-3700,2.2,2.2,2.4
2025-08-01,2025-08-01 13:03:45.000,IO2508-P-3700,2.2,2.2,2.4
2025-08-01,2025-08-01 13:03:55.500,IO2508-P-3700,2.2,2.2,2.4
2025-08-01,2025-08-01 13:03:58.500,IO2508-P-3700,2.2,2.2,2.4
2025-08-01,2025-08-01 13:04:04.500,IO2508-P-3700,2.2,2.2,2.4
2025-08-01,2025-08-01 13:04:10.500,IO2508-P-3700,2.2,2.2,2.4
2025-08-01,2025-08-01 13:04:12.000,IO2508-P-3700,2.2,2.2,2.4
2025-08-01,2025-08-01 13:04:12.500,IO2508-P-3700,2.2,2.2,2.4
2025-08-01,2025-08-01 13:04:16.500,IO2508-P-3700,2.2,2.2,2.4
2025-08-01,2025-08-01 13:04:19.500,IO2508-P-3700,2.2,2.2,2.4
2025-08-01,2025-08-01 13:04:20.000,IO2508-P-3700,2.2,2.2,2.4
2025-08-01,2025-08-01 13:04:20.500,IO2508-P-3700,2.2,2.2,2.4
2025-08-01,2025-08-01 13:04:21.000,IO2508-P-3700,2.2,2.0,2.4
2025-08-01,2025-08-01 13:04:21.500,IO2508-P-3700,2.2,2.0,2.4
2025-08-01,2025-08-01 13:04:22.000,IO2508-P-3700,2.2,2.0,2.4
2025-08-01,2025-08-01 13:04:29.500,IO2508-P-3700,2.2,2.0,2.4
2025-08-01,2025-08-01 13:04:30.000,IO2508-P-3700,2.2,2.0,2.4
2025-08-01,2025-08-01 13:04:31.000,IO2508-P-3700,2.2,2.0,2.4
2025-08-01,2025-08-01 13:04:32.000,IO2508-P-3700,2.2,2.0,2.4
2025-08-01,2025-08-01 13:04:32.500,IO2508-P-3700,2.2,2.0,2.4
2025-08-01,2025-08-01 13:04:36.500,IO2508-P-3700,2.2,2.0,2.4
2025-08-01,2025-08-01 13:04:37.000,IO2508-P-3700,2.2,2.0,2.4
2025-08-01,2025-08-01 13:04:39.500,IO2508-P-3700,2.2,2.0,2.4
2025-08-01,2025-08-01 13:04:40.500,IO2508-P-3700,2.2,2.0,2.4
2025-08-01,2025-08-01 13:04:45.500,IO2508-P-3700,2.2,2.0,2.4
2025-08-01,2025-08-01 13:04:50.000,IO2508-P-3700,2.2,2.0,2.4
2025-08-01,2025-08-01 13:04:52.500,IO2508-P-3700,2.2,2.0,2.4
2025-08-01,2025-08-01 13:04:53.000,IO2508-P-3700,2.2,2.0,2.4
2025-08-01,2025-08-01 13:04:56.500,IO2508-P-3700,2.2,2.0,2.4
2025-08-01,2025-08-01 13:04:59.000,IO2508-P-3700,2.2,2.0,2.4
2025-08-01,2025-08-01 13:04:59.500,IO2508-P-3700,2.2,2.0,2.4
2025-08-01,2025-08-01 13:05:02.000,IO2508-P-3700,2.2,2.0,2.4
2025-08-01,2025-08-01 13:05:03.500,IO2508-P-3700,2.2,2.0,2.4
2025-08-01,2025-08-01 13:05:06.500,IO2508-P-3700,2.2,2.0,2.4
2025-08-01,2025-08-01 13:05:07.000,IO2508-P-3700,2.2,2.0,2.4
2025-08-01,2025-08-01 13:05:12.500,IO2508-P-3700,2.2,2.0,2.4
2025-08-01,2025-08-01 13:05:26.000,IO2508-P-3700,2.2,2.0,2.4
2025-08-01,2025-08-01 13:05:28.500,IO2508-P-3700,2.2,2.0,2.4
2025-08-01,2025-08-01 13:05:30.000,IO2508-P-3700,2.2,2.0,2.4
2025-08-01,2025-08-01 13:05:32.000,IO2508-P-3700,2.2,2.0,2.4
2025-08-01,2025-08-01 13:05:33.000,IO2508-P-3700,2.2,2.0,2.4
2025-08-01,2025-08-01 13:05:36.500,IO2508-P-3700,2.2,2.0,2.4
2025-08-01,2025-08-01 13:05:37.000,IO2508-P-3700,2.2,2.0,2.4
2025-08-01,2025-08-01 13:05:50.000,IO2508-P-3700,2.2,2.0,2.4
2025-08-01,2025-08-01 13:05:51.500,IO2508-P-3700,2.2,2.0,2.4
2025-08-01,2025-08-01 13:05:52.000,IO2508-P-3700,2.2,2.0,2.4
2025-08-01,2025-08-01 13:05:53.000,IO2508-P-3700,2.2,2.0,2.4
2025-08-01,2025-08-01 13:06:01.000,IO2508-P-3700,2.2,2.0,2.4
2025-08-01,2025-08-01 13:06:05.500,IO2508-P-3700,2.2,2.0,2.4
2025-08-01,2025-08-01 13:06:06.500,IO2508-P-3700,2.2,2.0,2.4
2025-08-01,2025-08-01 13:06:07.000,IO2508-P-3700,2.2,2.0,2.4
2025-08-01,2025-08-01 13:06:07.500,IO2508-P-3700,2.2,2.0,2.4
2025-08-01,2025-08-01 13:06:10.500,IO2508-P-3700,2.2,2.0,2.2
2025-08-01,2025-08-01 13:06:11.000,IO2508-P-3700,2.2,2.0,2.2
2025-08-01,2025-08-01 13:06:23.000,IO2508-P-3700,2.2,2.0,2.2
2025-08-01,2025-08-01 13:06:28.500,IO2508-P-3700,2.2,2.0,2.2
2025-08-01,2025-08-01 13:06:29.000,IO2508-P-3700,2.2,2.0,2.2
2025-08-01,2025-08-01 13:06:36.500,IO2508-P-3700,2.2,2.0,2.2
2025-08-01,2025-08-01 13:06:37.000,IO2508-P-3700,2.2,2.0,2.2
2025-08-01,2025-08-01 13:06:47.500,IO2508-P-3700,2.2,2.0,2.2
2025-08-01,2025-08-01 13:06:48.000,IO2508-P-3700,2.0,2.0,2.2
2025-08-01,2025-08-01 13:06:48.500,IO2508-P-3700,2.0,2.0,2.2
2025-08-01,2025-08-01 13:06:49.000,IO2508-P-3700,2.0,2.0,2.2
2025-08-01,2025-08-01 13:06:49.500,IO2508-P-3700,2.0,2.0,2.2
2025-08-01,2025-08-01 13:06:51.500,IO2508-P-3700,2.0,2.0,2.2
2025-08-01,2025-08-01 13:06:52.000,IO2508-P-3700,2.0,2.0,2.2
2025-08-01,2025-08-01 13:06:56.500,IO2508-P-3700,2.0,2.0,2.2
2025-08-01,2025-08-01 13:06:57.000,IO2508-P-3700,2.0,2.0,2.2
2025-08-01,2025-08-01 13:06:57.500,IO2508-P-3700,2.0,2.0,2.2
2025-08-01,2025-08-01 13:06:58.500,IO2508-P-3700,2.0,2.0,2.2
2025-08-01,2025-08-01 13:07:02.000,IO2508-P-3700,2.0,2.0,2.2
2025-08-01,2025-08-01 13:07:02.500,IO2508-P-3700,2.0,1.8,2.2
2025-08-01,2025-08-01 13:07:03.000,IO2508-P-3700,2.0,1.8,2.2
2025-08-01,2025-08-01 13:07:03.500,IO2508-P-3700,2.0,1.8,2.0
2025-08-01,2025-08-01 13:07:04.000,IO2508-P-3700,2.0,1.8,2.0
2025-08-01,2025-08-01 13:07:04.500,IO2508-P-3700,2.0,1.8,2.0
2025-08-01,2025-08-01 13:07:05.000,IO2508-P-3700,1.8,1.8,2.0
2025-08-01,2025-08-01 13:07:05.500,IO2508-P-3700,1.8,1.8,2.0
2025-08-01,2025-08-01 13:07:06.500,IO2508-P-3700,1.8,1.8,2.0
2025-08-01,2025-08-01 13:07:07.000,IO2508-P-3700,1.8,1.8,2.0
2025-08-01,2025-08-01 13:07:09.500,IO2508-P-3700,1.8,1.8,2.0
2025-08-01,2025-08-01 13:07:10.000,IO2508-P-3700,1.8,1.8,2.0
2025-08-01,2025-08-01 13:07:10.500,IO2508-P-3700,1.8,1.8,2.0
2025-08-01,2025-08-01 13:07:12.500,IO2508-P-3700,1.8,1.8,2.0
2025-08-01,2025-08-01 13:07:13.500,IO2508-P-3700,1.8,1.8,2.0
2025-08-01,2025-08-01 13:07:14.000,IO2508-P-3700,1.8,1.8,2.0
2025-08-01,2025-08-01 13:07:19.500,IO2508-P-3700,1.8,1.8,2.0
2025-08-01,2025-08-01 13:07:20.500,IO2508-P-3700,1.8,1.8,2.0
2025-08-01,2025-08-01 13:07:36.000,IO2508-P-3700,1.8,1.8,2.0
2025-08-01,2025-08-01 13:07:36.500,IO2508-P-3700,1.8,1.8,2.0
2025-08-01,2025-08-01 13:07:37.000,IO2508-P-3700,1.8,1.8,2.0
2025-08-01,2025-08-01 13:07:42.500,IO2508-P-3700,1.8,1.8,2.0
2025-08-01,2025-08-01 13:07:54.000,IO2508-P-3700,1.8,1.8,2.0
2025-08-01,2025-08-01 13:08:01.500,IO2508-P-3700,1.8,1.8,2.0
2025-08-01,2025-08-01 13:08:06.500,IO2508-P-3700,1.8,1.8,2.0
2025-08-01,2025-08-01 13:08:07.000,IO2508-P-3700,1.8,1.8,2.0
2025-08-01,2025-08-01 13:08:08.500,IO2508-P-3700,1.8,1.8,2.0
2025-08-01,2025-08-01 13:08:09.000,IO2508-P-3700,1.8,1.8,2.0
2025-08-01,2025-08-01 13:08:09.500,IO2508-P-3700,1.8,1.6,2.0
2025-08-01,2025-08-01 13:08:10.000,IO2508-P-3700,1.8,1.6,1.8
2025-08-01,2025-08-01 13:08:10.500,IO2508-P-3700,1.8,1.6,1.8
2025-08-01,2025-08-01 13:08:11.000,IO2508-P-3700,1.8,1.6,1.8
2025-08-01,2025-08-01 13:08:12.000,IO2508-P-3700,1.8,1.6,1.8
2025-08-01,2025-08-01 13:08:14.500,IO2508-P-3700,1.8,1.6,1.8
2025-08-01,2025-08-01 13:08:15.000,IO2508-P-3700,1.8,1.6,1.8
2025-08-01,2025-08-01 13:08:19.000,IO2508-P-3700,1.8,1.6,1.8
2025-08-01,2025-08-01 13:08:20.500,IO2508-P-3700,1.8,1.6,1.8
2025-08-01,2025-08-01 13:08:21.000,IO2508-P-3700,1.8,1.6,1.8
2025-08-01,2025-08-01 13:08:23.500,IO2508-P-3700,1.8,1.6,1.8
2025-08-01,2025-08-01 13:08:25.500,IO2508-P-3700,1.8,1.6,1.8
2025-08-01,2025-08-01 13:08:34.500,IO2508-P-3700,1.8,1.6,1.8
2025-08-01,2025-08-01 13:08:36.500,IO2508-P-3700,1.8,1.6,1.8
2025-08-01,2025-08-01 13:08:37.000,IO2508-P-3700,1.8,1.6,1.8
2025-08-01,2025-08-01 13:09:03.000,IO2508-P-3700,1.8,1.6,1.8
2025-08-01,2025-08-01 13:09:06.500,IO2508-P-3700,1.8,1.6,1.8
2025-08-01,2025-08-01 13:09:07.000,IO2508-P-3700,1.8,1.6,1.8
2025-08-01,2025-08-01 13:09:09.500,IO2508-P-3700,1.8,1.6,1.8
2025-08-01,2025-08-01 13:09:20.500,IO2508-P-3700,1.8,1.6,1.8
2025-08-01,2025-08-01 13:09:25.000,IO2508-P-3700,1.8,1.6,1.8
2025-08-01,2025-08-01 13:09:34.500,IO2508-P-3700,1.8,1.6,1.8
2025-08-01,2025-08-01 13:09:35.000,IO2508-P-3700,1.8,1.6,1.8
2025-08-01,2025-08-01 13:09:36.500,IO2508-P-3700,1.8,1.6,1.8
2025-08-01,2025-08-01 13:09:37.000,IO2508-P-3700,1.8,1.6,1.8
2025-08-01,2025-08-01 13:09:44.500,IO2508-P-3700,1.8,1.6,1.8
2025-08-01,2025-08-01 13:09:50.000,IO2508-P-3700,1.8,1.6,1.8
2025-08-01,2025-08-01 13:09:55.000,IO2508-P-3700,1.8,1.6,1.8
2025-08-01,2025-08-01 13:09:57.500,IO2508-P-3700,1.8,1.6,1.8
2025-08-01,2025-08-01 13:09:59.500,IO2508-P-3700,1.8,1.6,1.8
2025-08-01,2025-08-01 13:10:02.500,IO2508-P-3700,1.8,1.6,1.8
2025-08-01,2025-08-01 13:10:03.000,IO2508-P-3700,1.8,1.6,1.8
2025-08-01,2025-08-01 13:10:05.500,IO2508-P-3700,1.8,1.6,1.8
2025-08-01,2025-08-01 13:10:06.000,IO2508-P-3700,1.6,1.4,1.6
2025-08-01,2025-08-01 13:10:06.500,IO2508-P-3700,1.6,1.4,1.6
2025-08-01,2025-08-01 13:10:07.000,IO2508-P-3700,1.4,1.4,1.6
2025-08-01,2025-08-01 13:10:07.500,IO2508-P-3700,1.4,1.4,1.6
2025-08-01,2025-08-01 13:10:08.000,IO2508-P-3700,1.4,1.4,1.6
2025-08-01,2025-08-01 13:10:09.000,IO2508-P-3700,1.4,1.4,1.6
2025-08-01,2025-08-01 13:10:11.000,IO2508-P-3700,1.4,1.4,1.6
2025-08-01,2025-08-01 13:10:13.500,IO2508-P-3700,1.4,1.4,1.6
2025-08-01,2025-08-01 13:10:14.000,IO2508-P-3700,1.4,1.4,1.6
2025-08-01,2025-08-01 13:10:14.500,IO2508-P-3700,1.4,1.4,1.6
2025-08-01,2025-08-01 13:10:16.000,IO2508-P-3700,1.4,1.4,1.6
2025-08-01,2025-08-01 13:10:16.500,IO2508-P-3700,1.4,1.4,1.6
2025-08-01,2025-08-01 13:10:17.000,IO2508-P-3700,1.4,1.4,1.6
2025-08-01,2025-08-01 13:10:17.500,IO2508-P-3700,1.4,1.4,1.6
2025-08-01,2025-08-01 13:10:23.000,IO2508-P-3700,1.4,1.4,1.6
2025-08-01,2025-08-01 13:10:30.000,IO2508-P-3700,1.4,1.4,1.6
2025-08-01,2025-08-01 13:10:33.000,IO2508-P-3700,1.4,1.4,1.6
2025-08-01,2025-08-01 13:10:33.500,IO2508-P-3700,1.4,1.4,1.6
2025-08-01,2025-08-01 13:10:36.500,IO2508-P-3700,1.4,1.4,1.6
2025-08-01,2025-08-01 13:10:37.000,IO2508-P-3700,1.4,1.4,1.6
2025-08-01,2025-08-01 13:10:44.000,IO2508-P-3700,1.4,1.4,1.6
2025-08-01,2025-08-01 13:10:50.500,IO2508-P-3700,1.4,1.4,1.6
2025-08-01,2025-08-01 13:10:56.000,IO2508-P-3700,1.4,1.4,1.6
2025-08-01,2025-08-01 13:11:03.500,IO2508-P-3700,1.4,1.4,1.6
2025-08-01,2025-08-01 13:11:04.000,IO2508-P-3700,1.4,1.4,1.6
2025-08-01,2025-08-01 13:11:06.500,IO2508-P-3700,1.4,1.4,1.6
2025-08-01,2025-08-01 13:11:07.000,IO2508-P-3700,1.4,1.4,1.6
2025-08-01,2025-08-01 13:11:12.000,IO2508-P-3700,1.4,1.4,1.6
2025-08-01,2025-08-01 13:11:20.500,IO2508-P-3700,1.4,1.4,1.6
2025-08-01,2025-08-01 13:11:32.000,IO2508-P-3700,1.4,1.4,1.6
2025-08-01,2025-08-01 13:11:36.500,IO2508-P-3700,1.4,1.4,1.6
2025-08-01,2025-08-01 13:11:37.000,IO2508-P-3700,1.4,1.4,1.6
2025-08-01,2025-08-01 13:11:40.000,IO2508-P-3700,1.4,1.4,1.6
2025-08-01,2025-08-01 13:11:40.500,IO2508-P-3700,1.4,1.4,1.6
2025-08-01,2025-08-01 13:11:41.000,IO2508-P-3700,1.4,1.4,1.6
