tradingdate,tradingtime,symbol,lastprice,buyprice01,sellprice01
2025-08-26,2025-08-26 09:29:00.000,IO2512-P-5000,629.6,643.0,683.2
2025-08-26,2025-08-26 09:30:00.500,IO2512-P-5000,643.0,608.6,679.0
2025-08-26,2025-08-26 09:30:01.000,IO2512-P-5000,643.0,597.4,679.0
2025-08-26,2025-08-26 09:30:01.500,IO2512-P-5000,643.0,597.4,679.0
2025-08-26,2025-08-26 09:30:02.500,IO2512-P-5000,643.0,597.4,679.0
2025-08-26,2025-08-26 09:30:03.500,IO2512-P-5000,643.0,597.6,678.8
2025-08-26,2025-08-26 09:30:05.000,IO2512-P-5000,643.0,601.0,678.8
2025-08-26,2025-08-26 09:30:06.500,IO2512-P-5000,643.0,601.0,678.8
2025-08-26,2025-08-26 09:30:09.500,IO2512-P-5000,643.0,601.2,678.8
2025-08-26,2025-08-26 09:30:10.500,IO2512-P-5000,643.0,601.2,678.8
2025-08-26,2025-08-26 09:30:11.000,IO2512-P-5000,643.0,601.2,678.8
2025-08-26,2025-08-26 09:30:12.500,IO2512-P-5000,643.0,601.2,678.8
2025-08-26,2025-08-26 09:30:13.000,IO2512-P-5000,643.0,601.4,678.6
2025-08-26,2025-08-26 09:30:14.000,IO2512-P-5000,643.0,601.4,678.6
2025-08-26,2025-08-26 09:30:14.500,IO2512-P-5000,643.0,601.6,678.6
2025-08-26,2025-08-26 09:30:15.500,IO2512-P-5000,643.0,601.8,678.6
2025-08-26,2025-08-26 09:30:18.500,IO2512-P-5000,643.0,601.8,678.6
2025-08-26,2025-08-26 09:30:24.000,IO2512-P-5000,643.0,601.8,678.6
2025-08-26,2025-08-26 09:30:24.500,IO2512-P-5000,643.0,602.0,678.6
2025-08-26,2025-08-26 09:30:27.000,IO2512-P-5000,643.0,602.2,678.6
2025-08-26,2025-08-26 09:30:29.500,IO2512-P-5000,643.0,602.2,678.6
2025-08-26,2025-08-26 09:30:40.500,IO2512-P-5000,643.0,602.2,678.6
2025-08-26,2025-08-26 09:30:41.000,IO2512-P-5000,643.0,602.2,678.6
2025-08-26,2025-08-26 09:30:44.000,IO2512-P-5000,643.0,633.4,654.2
2025-08-26,2025-08-26 09:30:44.500,IO2512-P-5000,643.0,633.4,654.2
2025-08-26,2025-08-26 09:30:45.000,IO2512-P-5000,643.0,633.4,654.2
2025-08-26,2025-08-26 09:30:45.500,IO2512-P-5000,643.0,633.4,654.2
2025-08-26,2025-08-26 09:30:46.000,IO2512-P-5000,643.0,633.6,654.0
2025-08-26,2025-08-26 09:30:46.500,IO2512-P-5000,643.0,633.6,654.0
2025-08-26,2025-08-26 09:30:51.000,IO2512-P-5000,643.0,633.6,654.0
2025-08-26,2025-08-26 09:30:57.000,IO2512-P-5000,643.0,633.6,654.0
2025-08-26,2025-08-26 09:30:57.500,IO2512-P-5000,643.0,633.6,654.0
2025-08-26,2025-08-26 09:31:17.000,IO2512-P-5000,643.0,633.6,654.0
2025-08-26,2025-08-26 09:31:17.500,IO2512-P-5000,643.0,633.6,654.0
2025-08-26,2025-08-26 09:31:19.500,IO2512-P-5000,643.0,633.6,654.0
2025-08-26,2025-08-26 09:31:20.000,IO2512-P-5000,643.0,633.6,654.0
2025-08-26,2025-08-26 09:31:27.500,IO2512-P-5000,643.0,633.6,654.0
2025-08-26,2025-08-26 09:31:28.000,IO2512-P-5000,643.0,633.6,654.0
2025-08-26,2025-08-26 09:31:31.000,IO2512-P-5000,643.0,633.6,654.0
2025-08-26,2025-08-26 09:31:31.500,IO2512-P-5000,643.0,633.6,654.0
2025-08-26,2025-08-26 09:31:49.500,IO2512-P-5000,643.0,633.6,650.6
2025-08-26,2025-08-26 09:31:50.500,IO2512-P-5000,643.0,633.6,650.6
2025-08-26,2025-08-26 09:31:51.000,IO2512-P-5000,643.0,633.6,650.6
2025-08-26,2025-08-26 09:31:51.500,IO2512-P-5000,643.0,633.6,650.6
2025-08-26,2025-08-26 09:31:52.000,IO2512-P-5000,643.0,633.6,650.6
2025-08-26,2025-08-26 09:31:56.000,IO2512-P-5000,643.0,633.6,650.6
2025-08-26,2025-08-26 09:31:56.500,IO2512-P-5000,643.0,633.6,650.6
2025-08-26,2025-08-26 09:32:00.000,IO2512-P-5000,643.0,633.6,650.6
2025-08-26,2025-08-26 09:32:05.500,IO2512-P-5000,643.0,633.6,650.6
2025-08-26,2025-08-26 09:32:06.000,IO2512-P-5000,643.0,633.6,650.6
2025-08-26,2025-08-26 09:32:07.500,IO2512-P-5000,643.0,633.6,650.6
2025-08-26,2025-08-26 09:32:10.500,IO2512-P-5000,643.0,633.6,650.6
2025-08-26,2025-08-26 09:32:11.500,IO2512-P-5000,643.0,633.6,650.6
2025-08-26,2025-08-26 09:32:12.500,IO2512-P-5000,643.0,633.6,650.4
2025-08-26,2025-08-26 09:32:13.000,IO2512-P-5000,643.0,633.6,650.4
2025-08-26,2025-08-26 09:32:13.500,IO2512-P-5000,643.0,633.6,650.4
2025-08-26,2025-08-26 09:32:15.000,IO2512-P-5000,643.0,633.6,650.4
2025-08-26,2025-08-26 09:32:15.500,IO2512-P-5000,643.0,633.6,650.4
2025-08-26,2025-08-26 09:32:17.000,IO2512-P-5000,643.0,633.8,650.2
2025-08-26,2025-08-26 09:32:17.500,IO2512-P-5000,643.0,633.8,650.2
2025-08-26,2025-08-26 09:32:18.000,IO2512-P-5000,643.0,633.8,650.2
2025-08-26,2025-08-26 09:32:23.000,IO2512-P-5000,643.0,633.8,649.8
2025-08-26,2025-08-26 09:32:23.500,IO2512-P-5000,643.0,633.8,649.8
2025-08-26,2025-08-26 09:32:28.500,IO2512-P-5000,643.0,633.8,649.4
2025-08-26,2025-08-26 09:32:29.000,IO2512-P-5000,643.0,633.8,649.4
2025-08-26,2025-08-26 09:32:33.000,IO2512-P-5000,643.0,633.6,649.2
2025-08-26,2025-08-26 09:32:33.500,IO2512-P-5000,643.0,633.6,648.8
2025-08-26,2025-08-26 09:32:34.000,IO2512-P-5000,643.0,633.6,648.8
2025-08-26,2025-08-26 09:32:35.000,IO2512-P-5000,643.0,633.6,648.8
2025-08-26,2025-08-26 09:32:36.000,IO2512-P-5000,643.0,633.6,648.8
2025-08-26,2025-08-26 09:32:36.500,IO2512-P-5000,643.0,633.6,648.8
2025-08-26,2025-08-26 09:32:37.500,IO2512-P-5000,643.0,633.6,648.8
2025-08-26,2025-08-26 09:32:38.000,IO2512-P-5000,643.0,633.6,648.8
2025-08-26,2025-08-26 09:32:39.000,IO2512-P-5000,643.0,633.6,648.8
2025-08-26,2025-08-26 09:32:40.000,IO2512-P-5000,643.0,633.6,648.8
2025-08-26,2025-08-26 09:32:40.500,IO2512-P-5000,643.0,633.6,648.8
2025-08-26,2025-08-26 09:32:46.000,IO2512-P-5000,643.0,633.6,648.6
2025-08-26,2025-08-26 09:32:47.000,IO2512-P-5000,643.0,633.6,648.6
2025-08-26,2025-08-26 09:32:47.500,IO2512-P-5000,643.0,633.6,648.2
2025-08-26,2025-08-26 09:32:48.000,IO2512-P-5000,643.0,633.0,648.2
2025-08-26,2025-08-26 09:32:48.500,IO2512-P-5000,643.0,633.0,648.2
2025-08-26,2025-08-26 09:32:49.000,IO2512-P-5000,643.0,633.0,648.2
2025-08-26,2025-08-26 09:32:54.500,IO2512-P-5000,643.0,633.0,648.2
2025-08-26,2025-08-26 09:32:55.000,IO2512-P-5000,643.0,633.0,648.2
2025-08-26,2025-08-26 09:32:58.500,IO2512-P-5000,643.0,633.0,648.2
2025-08-26,2025-08-26 09:32:59.000,IO2512-P-5000,643.0,633.0,648.2
2025-08-26,2025-08-26 09:32:59.500,IO2512-P-5000,643.0,633.0,647.6
2025-08-26,2025-08-26 09:33:01.000,IO2512-P-5000,643.0,633.0,647.6
2025-08-26,2025-08-26 09:33:01.500,IO2512-P-5000,643.0,633.0,647.6
2025-08-26,2025-08-26 09:33:02.000,IO2512-P-5000,643.0,633.0,647.6
2025-08-26,2025-08-26 09:33:02.500,IO2512-P-5000,643.0,633.0,647.6
2025-08-26,2025-08-26 09:33:05.000,IO2512-P-5000,643.0,633.0,645.2
2025-08-26,2025-08-26 09:33:05.500,IO2512-P-5000,643.0,633.0,645.2
2025-08-26,2025-08-26 09:33:06.500,IO2512-P-5000,643.0,633.0,645.2
2025-08-26,2025-08-26 09:33:07.000,IO2512-P-5000,643.0,633.0,645.2
2025-08-26,2025-08-26 09:33:13.500,IO2512-P-5000,643.0,633.0,645.2
2025-08-26,2025-08-26 09:33:14.000,IO2512-P-5000,643.0,633.0,645.2
2025-08-26,2025-08-26 09:33:14.500,IO2512-P-5000,643.0,633.0,645.2
2025-08-26,2025-08-26 09:33:17.500,IO2512-P-5000,643.0,632.6,645.0
2025-08-26,2025-08-26 09:33:18.000,IO2512-P-5000,643.0,632.6,645.0
2025-08-26,2025-08-26 09:33:26.000,IO2512-P-5000,643.0,632.6,645.0
2025-08-26,2025-08-26 09:33:38.500,IO2512-P-5000,643.0,632.6,645.0
2025-08-26,2025-08-26 09:33:39.000,IO2512-P-5000,643.0,632.8,644.8
2025-08-26,2025-08-26 09:33:39.500,IO2512-P-5000,643.0,632.8,644.8
2025-08-26,2025-08-26 09:33:40.000,IO2512-P-5000,643.0,632.8,644.8
2025-08-26,2025-08-26 09:33:41.000,IO2512-P-5000,643.0,633.0,644.8
2025-08-26,2025-08-26 09:33:41.500,IO2512-P-5000,643.0,633.0,644.8
2025-08-26,2025-08-26 09:33:42.500,IO2512-P-5000,643.0,633.2,645.2
2025-08-26,2025-08-26 09:33:43.000,IO2512-P-5000,643.0,633.2,645.2
2025-08-26,2025-08-26 09:33:43.500,IO2512-P-5000,643.0,633.2,645.2
2025-08-26,2025-08-26 09:33:53.500,IO2512-P-5000,643.0,634.8,645.2
2025-08-26,2025-08-26 09:33:54.000,IO2512-P-5000,643.0,634.8,645.2
2025-08-26,2025-08-26 09:33:54.500,IO2512-P-5000,643.0,635.0,645.2
2025-08-26,2025-08-26 09:33:55.000,IO2512-P-5000,643.0,635.2,645.2
2025-08-26,2025-08-26 09:33:55.500,IO2512-P-5000,643.0,635.2,645.2
2025-08-26,2025-08-26 09:34:05.000,IO2512-P-5000,643.0,635.0,645.2
2025-08-26,2025-08-26 09:34:09.000,IO2512-P-5000,643.0,635.0,645.2
2025-08-26,2025-08-26 09:34:27.500,IO2512-P-5000,643.0,635.0,645.4
2025-08-26,2025-08-26 09:34:28.000,IO2512-P-5000,643.0,635.2,645.6
2025-08-26,2025-08-26 09:34:28.500,IO2512-P-5000,643.0,635.2,646.0
2025-08-26,2025-08-26 09:34:29.000,IO2512-P-5000,643.0,635.2,646.0
2025-08-26,2025-08-26 09:34:29.500,IO2512-P-5000,643.0,635.2,646.0
2025-08-26,2025-08-26 09:34:30.000,IO2512-P-5000,643.0,635.2,646.0
2025-08-26,2025-08-26 09:34:31.500,IO2512-P-5000,643.0,635.2,646.2
2025-08-26,2025-08-26 09:34:32.000,IO2512-P-5000,643.0,635.2,646.2
2025-08-26,2025-08-26 09:34:32.500,IO2512-P-5000,643.0,635.2,646.2
2025-08-26,2025-08-26 09:34:49.000,IO2512-P-5000,643.0,638.0,646.2
2025-08-26,2025-08-26 09:34:49.500,IO2512-P-5000,643.0,638.0,646.2
2025-08-26,2025-08-26 09:34:50.000,IO2512-P-5000,643.0,638.0,646.2
2025-08-26,2025-08-26 09:34:55.500,IO2512-P-5000,643.0,638.0,646.2
2025-08-26,2025-08-26 09:34:57.000,IO2512-P-5000,643.0,639.6,646.2
2025-08-26,2025-08-26 09:34:57.500,IO2512-P-5000,643.0,639.6,646.2
2025-08-26,2025-08-26 09:34:58.000,IO2512-P-5000,643.0,639.6,646.2
2025-08-26,2025-08-26 09:34:58.500,IO2512-P-5000,643.0,639.6,647.2
2025-08-26,2025-08-26 09:34:59.000,IO2512-P-5000,643.0,639.6,647.2
2025-08-26,2025-08-26 09:35:00.000,IO2512-P-5000,643.0,639.6,647.2
2025-08-26,2025-08-26 09:35:01.500,IO2512-P-5000,643.0,640.0,647.2
2025-08-26,2025-08-26 09:35:03.500,IO2512-P-5000,643.0,640.2,647.2
2025-08-26,2025-08-26 09:35:04.000,IO2512-P-5000,643.0,640.2,647.2
2025-08-26,2025-08-26 09:35:04.500,IO2512-P-5000,643.0,640.2,647.2
2025-08-26,2025-08-26 09:35:05.000,IO2512-P-5000,643.0,641.8,647.2
2025-08-26,2025-08-26 09:35:05.500,IO2512-P-5000,643.0,641.8,647.2
2025-08-26,2025-08-26 09:35:06.000,IO2512-P-5000,643.0,641.8,647.2
2025-08-26,2025-08-26 09:35:07.500,IO2512-P-5000,643.0,641.8,647.2
2025-08-26,2025-08-26 09:35:08.000,IO2512-P-5000,643.0,641.8,647.2
2025-08-26,2025-08-26 09:35:08.500,IO2512-P-5000,643.0,640.6,647.2
2025-08-26,2025-08-26 09:35:09.000,IO2512-P-5000,643.0,640.6,647.2
2025-08-26,2025-08-26 09:35:09.500,IO2512-P-5000,643.0,640.6,647.2
2025-08-26,2025-08-26 09:35:10.000,IO2512-P-5000,643.0,640.6,647.2
2025-08-26,2025-08-26 09:35:17.500,IO2512-P-5000,643.0,641.6,647.8
2025-08-26,2025-08-26 09:35:18.000,IO2512-P-5000,643.0,641.6,648.2
2025-08-26,2025-08-26 09:35:18.500,IO2512-P-5000,643.0,641.6,648.2
2025-08-26,2025-08-26 09:35:19.000,IO2512-P-5000,643.0,641.6,648.2
2025-08-26,2025-08-26 09:35:23.000,IO2512-P-5000,643.0,641.6,648.2
2025-08-26,2025-08-26 09:35:28.500,IO2512-P-5000,643.0,641.6,648.2
2025-08-26,2025-08-26 09:35:29.000,IO2512-P-5000,643.0,640.6,648.2
2025-08-26,2025-08-26 09:35:29.500,IO2512-P-5000,643.0,640.6,648.2
2025-08-26,2025-08-26 09:35:30.000,IO2512-P-5000,643.0,640.6,648.2
2025-08-26,2025-08-26 09:35:32.000,IO2512-P-5000,643.0,640.6,648.2
2025-08-26,2025-08-26 09:35:36.500,IO2512-P-5000,643.0,640.6,648.2
2025-08-26,2025-08-26 09:35:37.000,IO2512-P-5000,643.0,640.6,648.2
2025-08-26,2025-08-26 09:35:37.500,IO2512-P-5000,643.0,640.6,648.2
2025-08-26,2025-08-26 09:35:38.500,IO2512-P-5000,643.0,640.8,648.2
2025-08-26,2025-08-26 09:35:45.000,IO2512-P-5000,643.0,640.8,648.2
2025-08-26,2025-08-26 09:35:45.500,IO2512-P-5000,643.0,640.8,644.0
2025-08-26,2025-08-26 09:35:46.000,IO2512-P-5000,643.0,640.8,644.0
2025-08-26,2025-08-26 09:35:46.500,IO2512-P-5000,643.0,640.8,644.0
2025-08-26,2025-08-26 09:35:47.000,IO2512-P-5000,644.0,640.8,648.2
2025-08-26,2025-08-26 09:35:47.500,IO2512-P-5000,644.0,641.8,648.2
2025-08-26,2025-08-26 09:35:48.000,IO2512-P-5000,644.0,641.8,648.2
2025-08-26,2025-08-26 09:35:51.000,IO2512-P-5000,644.0,642.2,648.2
2025-08-26,2025-08-26 09:35:51.500,IO2512-P-5000,644.0,642.2,648.2
2025-08-26,2025-08-26 09:35:52.000,IO2512-P-5000,644.0,642.2,648.2
2025-08-26,2025-08-26 09:35:52.500,IO2512-P-5000,644.0,642.2,648.2
2025-08-26,2025-08-26 09:35:53.000,IO2512-P-5000,644.0,642.2,648.8
2025-08-26,2025-08-26 09:35:53.500,IO2512-P-5000,644.0,642.2,648.8
2025-08-26,2025-08-26 09:35:54.000,IO2512-P-5000,644.0,642.2,649.2
2025-08-26,2025-08-26 09:35:54.500,IO2512-P-5000,644.0,642.2,649.2
2025-08-26,2025-08-26 09:35:56.000,IO2512-P-5000,644.0,642.2,649.2
2025-08-26,2025-08-26 09:35:56.500,IO2512-P-5000,644.0,642.2,649.2
2025-08-26,2025-08-26 09:35:57.500,IO2512-P-5000,644.0,642.2,649.2
2025-08-26,2025-08-26 09:35:58.000,IO2512-P-5000,644.0,642.2,649.4
2025-08-26,2025-08-26 09:35:58.500,IO2512-P-5000,644.0,642.4,649.6
2025-08-26,2025-08-26 09:35:59.000,IO2512-P-5000,644.0,642.4,649.6
2025-08-26,2025-08-26 09:35:59.500,IO2512-P-5000,644.0,642.6,649.6
2025-08-26,2025-08-26 09:36:00.000,IO2512-P-5000,644.0,642.8,649.6
2025-08-26,2025-08-26 09:36:00.500,IO2512-P-5000,644.0,642.8,649.8
2025-08-26,2025-08-26 09:36:01.000,IO2512-P-5000,644.0,643.2,650.0
2025-08-26,2025-08-26 09:36:01.500,IO2512-P-5000,644.0,643.2,650.2
2025-08-26,2025-08-26 09:36:02.000,IO2512-P-5000,644.0,643.2,650.2
2025-08-26,2025-08-26 09:36:03.500,IO2512-P-5000,644.0,643.2,650.2
2025-08-26,2025-08-26 09:36:04.000,IO2512-P-5000,644.0,643.2,650.2
2025-08-26,2025-08-26 09:36:05.500,IO2512-P-5000,644.0,643.2,650.2
2025-08-26,2025-08-26 09:36:06.000,IO2512-P-5000,644.0,643.2,650.2
2025-08-26,2025-08-26 09:36:12.000,IO2512-P-5000,644.0,643.2,650.2
2025-08-26,2025-08-26 09:36:12.500,IO2512-P-5000,644.0,643.2,650.2
2025-08-26,2025-08-26 09:36:13.000,IO2512-P-5000,644.0,643.2,650.2
2025-08-26,2025-08-26 09:36:16.000,IO2512-P-5000,644.0,643.4,650.2
2025-08-26,2025-08-26 09:36:16.500,IO2512-P-5000,644.0,643.4,650.2
2025-08-26,2025-08-26 09:36:17.000,IO2512-P-5000,644.0,643.6,650.4
2025-08-26,2025-08-26 09:36:17.500,IO2512-P-5000,644.0,644.0,650.8
2025-08-26,2025-08-26 09:36:18.000,IO2512-P-5000,644.0,644.2,650.8
2025-08-26,2025-08-26 09:36:18.500,IO2512-P-5000,644.0,644.4,651.2
2025-08-26,2025-08-26 09:36:19.000,IO2512-P-5000,644.0,644.2,651.4
2025-08-26,2025-08-26 09:36:19.500,IO2512-P-5000,644.0,644.2,651.4
2025-08-26,2025-08-26 09:36:20.000,IO2512-P-5000,644.0,644.2,651.4
2025-08-26,2025-08-26 09:36:21.000,IO2512-P-5000,644.0,644.0,651.4
2025-08-26,2025-08-26 09:36:21.500,IO2512-P-5000,644.0,644.0,651.4
2025-08-26,2025-08-26 09:36:22.000,IO2512-P-5000,644.0,644.0,651.4
2025-08-26,2025-08-26 09:36:22.500,IO2512-P-5000,644.0,644.0,651.2
2025-08-26,2025-08-26 09:36:23.000,IO2512-P-5000,644.0,644.0,650.8
2025-08-26,2025-08-26 09:36:27.000,IO2512-P-5000,644.0,644.0,651.4
2025-08-26,2025-08-26 09:36:27.500,IO2512-P-5000,644.0,644.0,651.4
2025-08-26,2025-08-26 09:36:33.500,IO2512-P-5000,644.0,644.4,651.4
2025-08-26,2025-08-26 09:36:40.000,IO2512-P-5000,644.0,644.0,651.4
2025-08-26,2025-08-26 09:36:54.000,IO2512-P-5000,644.0,644.8,651.4
2025-08-26,2025-08-26 09:36:54.500,IO2512-P-5000,644.0,644.6,651.4
2025-08-26,2025-08-26 09:36:56.000,IO2512-P-5000,644.0,645.0,651.4
2025-08-26,2025-08-26 09:36:56.500,IO2512-P-5000,644.0,645.2,651.4
2025-08-26,2025-08-26 09:36:57.000,IO2512-P-5000,644.0,645.2,651.4
2025-08-26,2025-08-26 09:36:57.500,IO2512-P-5000,644.0,645.6,651.4
2025-08-26,2025-08-26 09:36:58.000,IO2512-P-5000,644.0,645.6,651.4
2025-08-26,2025-08-26 09:36:58.500,IO2512-P-5000,644.0,645.6,651.4
2025-08-26,2025-08-26 09:36:59.000,IO2512-P-5000,644.0,645.6,651.4
2025-08-26,2025-08-26 09:37:00.500,IO2512-P-5000,644.0,645.6,651.4
2025-08-26,2025-08-26 09:37:01.000,IO2512-P-5000,644.0,645.6,651.4
2025-08-26,2025-08-26 09:37:01.500,IO2512-P-5000,644.0,645.6,651.4
2025-08-26,2025-08-26 09:37:02.000,IO2512-P-5000,644.0,645.6,651.4
2025-08-26,2025-08-26 09:37:03.500,IO2512-P-5000,644.0,645.2,651.4
2025-08-26,2025-08-26 09:37:04.000,IO2512-P-5000,644.0,645.2,651.4
2025-08-26,2025-08-26 09:37:05.000,IO2512-P-5000,644.0,645.2,651.4
2025-08-26,2025-08-26 09:37:07.000,IO2512-P-5000,644.0,645.4,651.4
2025-08-26,2025-08-26 09:37:07.500,IO2512-P-5000,644.0,645.8,651.4
2025-08-26,2025-08-26 09:37:08.000,IO2512-P-5000,644.0,645.8,651.4
2025-08-26,2025-08-26 09:37:09.000,IO2512-P-5000,644.0,645.8,651.8
2025-08-26,2025-08-26 09:37:09.500,IO2512-P-5000,644.0,645.4,652.2
2025-08-26,2025-08-26 09:37:10.000,IO2512-P-5000,644.0,645.4,652.2
2025-08-26,2025-08-26 09:37:10.500,IO2512-P-5000,644.0,645.4,652.2
2025-08-26,2025-08-26 09:37:11.500,IO2512-P-5000,644.0,645.4,652.6
2025-08-26,2025-08-26 09:37:12.000,IO2512-P-5000,644.0,645.4,652.6
2025-08-26,2025-08-26 09:37:12.500,IO2512-P-5000,644.0,645.4,652.6
2025-08-26,2025-08-26 09:37:13.000,IO2512-P-5000,644.0,645.4,652.6
2025-08-26,2025-08-26 09:37:14.000,IO2512-P-5000,644.0,645.6,652.6
2025-08-26,2025-08-26 09:37:14.500,IO2512-P-5000,644.0,646.0,652.6
2025-08-26,2025-08-26 09:37:22.000,IO2512-P-5000,644.0,646.8,653.0
2025-08-26,2025-08-26 09:37:22.500,IO2512-P-5000,644.0,647.4,653.2
2025-08-26,2025-08-26 09:37:23.000,IO2512-P-5000,644.0,647.4,653.6
2025-08-26,2025-08-26 09:37:23.500,IO2512-P-5000,644.0,647.4,653.8
2025-08-26,2025-08-26 09:37:24.000,IO2512-P-5000,644.0,647.4,654.0
2025-08-26,2025-08-26 09:37:24.500,IO2512-P-5000,644.0,647.4,654.0
2025-08-26,2025-08-26 09:37:25.000,IO2512-P-5000,644.0,647.4,654.0
2025-08-26,2025-08-26 09:37:25.500,IO2512-P-5000,644.0,647.4,654.0
2025-08-26,2025-08-26 09:37:26.000,IO2512-P-5000,644.0,647.4,654.0
2025-08-26,2025-08-26 09:37:26.500,IO2512-P-5000,644.0,647.4,654.0
2025-08-26,2025-08-26 09:37:27.000,IO2512-P-5000,644.0,647.6,654.0
2025-08-26,2025-08-26 09:37:47.000,IO2512-P-5000,644.0,647.6,654.0
2025-08-26,2025-08-26 09:37:47.500,IO2512-P-5000,644.0,647.4,654.0
2025-08-26,2025-08-26 09:37:48.500,IO2512-P-5000,644.0,647.6,654.0
2025-08-26,2025-08-26 09:37:49.000,IO2512-P-5000,644.0,647.6,654.0
2025-08-26,2025-08-26 09:37:51.500,IO2512-P-5000,644.0,647.8,654.0
2025-08-26,2025-08-26 09:37:52.500,IO2512-P-5000,644.0,647.4,654.0
2025-08-26,2025-08-26 09:37:55.000,IO2512-P-5000,644.0,647.6,654.0
2025-08-26,2025-08-26 09:37:56.000,IO2512-P-5000,644.0,647.2,654.0
2025-08-26,2025-08-26 09:37:56.500,IO2512-P-5000,644.0,647.2,654.0
2025-08-26,2025-08-26 09:38:04.500,IO2512-P-5000,644.0,647.2,654.0
2025-08-26,2025-08-26 09:38:05.500,IO2512-P-5000,644.0,647.2,654.0
2025-08-26,2025-08-26 09:38:06.000,IO2512-P-5000,644.0,647.0,654.0
2025-08-26,2025-08-26 09:38:06.500,IO2512-P-5000,644.0,646.8,654.0
2025-08-26,2025-08-26 09:38:07.000,IO2512-P-5000,644.0,646.8,654.0
2025-08-26,2025-08-26 09:38:07.500,IO2512-P-5000,644.0,647.2,654.0
2025-08-26,2025-08-26 09:38:08.000,IO2512-P-5000,644.0,647.4,654.0
2025-08-26,2025-08-26 09:38:08.500,IO2512-P-5000,644.0,647.0,654.0
2025-08-26,2025-08-26 09:38:09.500,IO2512-P-5000,644.0,647.2,654.0
2025-08-26,2025-08-26 09:38:10.000,IO2512-P-5000,644.0,647.6,654.0
2025-08-26,2025-08-26 09:38:11.500,IO2512-P-5000,644.0,647.2,654.0
2025-08-26,2025-08-26 09:38:12.000,IO2512-P-5000,644.0,647.4,654.0
2025-08-26,2025-08-26 09:38:14.000,IO2512-P-5000,644.0,646.8,654.0
2025-08-26,2025-08-26 09:38:15.000,IO2512-P-5000,644.0,647.0,654.0
2025-08-26,2025-08-26 09:38:18.500,IO2512-P-5000,644.0,646.8,654.0
2025-08-26,2025-08-26 09:38:23.000,IO2512-P-5000,644.0,646.8,654.0
2025-08-26,2025-08-26 09:38:40.500,IO2512-P-5000,644.0,647.0,654.0
2025-08-26,2025-08-26 09:38:41.500,IO2512-P-5000,644.0,647.4,654.0
2025-08-26,2025-08-26 09:38:42.000,IO2512-P-5000,644.0,647.6,654.0
2025-08-26,2025-08-26 09:38:42.500,IO2512-P-5000,644.0,647.6,654.0
2025-08-26,2025-08-26 09:38:43.000,IO2512-P-5000,644.0,647.6,654.0
2025-08-26,2025-08-26 09:38:45.500,IO2512-P-5000,644.0,647.6,654.0
2025-08-26,2025-08-26 09:38:47.500,IO2512-P-5000,644.0,647.6,654.2
2025-08-26,2025-08-26 09:38:48.000,IO2512-P-5000,644.0,647.8,654.4
2025-08-26,2025-08-26 09:38:48.500,IO2512-P-5000,644.0,647.8,654.4
2025-08-26,2025-08-26 09:38:49.000,IO2512-P-5000,644.0,647.8,654.4
2025-08-26,2025-08-26 09:38:51.000,IO2512-P-5000,644.0,647.8,654.4
2025-08-26,2025-08-26 09:38:51.500,IO2512-P-5000,644.0,647.8,654.4
2025-08-26,2025-08-26 09:38:52.000,IO2512-P-5000,644.0,648.0,654.4
2025-08-26,2025-08-26 09:38:52.500,IO2512-P-5000,644.0,648.0,654.4
2025-08-26,2025-08-26 09:38:53.000,IO2512-P-5000,644.0,648.0,654.8
2025-08-26,2025-08-26 09:38:53.500,IO2512-P-5000,644.0,648.0,654.8
2025-08-26,2025-08-26 09:38:54.000,IO2512-P-5000,644.0,648.2,654.8
2025-08-26,2025-08-26 09:38:54.500,IO2512-P-5000,644.0,648.2,654.8
2025-08-26,2025-08-26 09:38:55.000,IO2512-P-5000,644.0,648.2,655.0
2025-08-26,2025-08-26 09:38:57.000,IO2512-P-5000,644.0,648.0,655.0
2025-08-26,2025-08-26 09:38:57.500,IO2512-P-5000,644.0,647.8,655.0
2025-08-26,2025-08-26 09:38:58.000,IO2512-P-5000,644.0,647.8,655.0
2025-08-26,2025-08-26 09:38:58.500,IO2512-P-5000,644.0,647.6,655.0
2025-08-26,2025-08-26 09:38:59.000,IO2512-P-5000,644.0,647.6,655.0
2025-08-26,2025-08-26 09:39:03.000,IO2512-P-5000,644.0,647.6,654.8
2025-08-26,2025-08-26 09:39:03.500,IO2512-P-5000,644.0,647.6,654.8
2025-08-26,2025-08-26 09:39:04.000,IO2512-P-5000,644.0,647.6,654.8
2025-08-26,2025-08-26 09:39:04.500,IO2512-P-5000,644.0,646.8,653.8
2025-08-26,2025-08-26 09:39:05.000,IO2512-P-5000,644.0,646.6,653.8
2025-08-26,2025-08-26 09:39:05.500,IO2512-P-5000,644.0,646.6,653.8
2025-08-26,2025-08-26 09:39:06.000,IO2512-P-5000,644.0,646.6,653.8
2025-08-26,2025-08-26 09:39:06.500,IO2512-P-5000,644.0,646.6,653.8
2025-08-26,2025-08-26 09:39:07.000,IO2512-P-5000,644.0,646.6,653.8
2025-08-26,2025-08-26 09:39:07.500,IO2512-P-5000,644.0,646.6,653.8
2025-08-26,2025-08-26 09:39:08.500,IO2512-P-5000,644.0,646.6,653.8
2025-08-26,2025-08-26 09:39:09.000,IO2512-P-5000,644.0,646.6,653.8
2025-08-26,2025-08-26 09:39:14.000,IO2512-P-5000,644.0,646.4,653.8
2025-08-26,2025-08-26 09:39:14.500,IO2512-P-5000,644.0,646.4,653.6
2025-08-26,2025-08-26 09:39:16.000,IO2512-P-5000,644.0,646.4,653.6
2025-08-26,2025-08-26 09:39:16.500,IO2512-P-5000,644.0,646.4,653.6
2025-08-26,2025-08-26 09:39:17.000,IO2512-P-5000,644.0,646.4,653.8
2025-08-26,2025-08-26 09:39:17.500,IO2512-P-5000,644.0,646.4,653.8
2025-08-26,2025-08-26 09:39:24.500,IO2512-P-5000,644.0,646.4,653.8
2025-08-26,2025-08-26 09:39:34.500,IO2512-P-5000,644.0,646.8,653.8
2025-08-26,2025-08-26 09:39:35.000,IO2512-P-5000,644.0,646.8,653.8
2025-08-26,2025-08-26 09:39:39.500,IO2512-P-5000,644.0,646.4,653.8
2025-08-26,2025-08-26 09:39:40.000,IO2512-P-5000,644.0,646.4,653.8
2025-08-26,2025-08-26 09:39:40.500,IO2512-P-5000,644.0,646.4,653.8
2025-08-26,2025-08-26 09:39:41.000,IO2512-P-5000,644.0,646.4,653.8
2025-08-26,2025-08-26 09:39:41.500,IO2512-P-5000,644.0,646.4,653.8
2025-08-26,2025-08-26 09:39:43.500,IO2512-P-5000,644.0,646.2,653.8
2025-08-26,2025-08-26 09:39:44.000,IO2512-P-5000,644.0,647.0,653.8
2025-08-26,2025-08-26 09:39:44.500,IO2512-P-5000,644.0,647.0,653.8
2025-08-26,2025-08-26 09:39:59.000,IO2512-P-5000,644.0,647.4,654.6
2025-08-26,2025-08-26 09:39:59.500,IO2512-P-5000,644.0,647.4,654.8
2025-08-26,2025-08-26 09:40:00.000,IO2512-P-5000,644.0,647.4,654.8
2025-08-26,2025-08-26 09:40:00.500,IO2512-P-5000,644.0,647.4,654.8
2025-08-26,2025-08-26 09:40:01.000,IO2512-P-5000,644.0,648.2,654.8
2025-08-26,2025-08-26 09:40:01.500,IO2512-P-5000,644.0,648.2,654.8
2025-08-26,2025-08-26 09:40:02.000,IO2512-P-5000,644.0,648.6,655.2
2025-08-26,2025-08-26 09:40:02.500,IO2512-P-5000,644.0,648.6,655.4
2025-08-26,2025-08-26 09:40:03.000,IO2512-P-5000,644.0,648.6,655.4
2025-08-26,2025-08-26 09:40:03.500,IO2512-P-5000,644.0,648.6,655.4
2025-08-26,2025-08-26 09:40:04.000,IO2512-P-5000,644.0,648.2,655.4
2025-08-26,2025-08-26 09:40:04.500,IO2512-P-5000,644.0,648.2,655.8
2025-08-26,2025-08-26 09:40:05.000,IO2512-P-5000,644.0,648.2,655.8
2025-08-26,2025-08-26 09:40:05.500,IO2512-P-5000,644.0,648.2,655.8
2025-08-26,2025-08-26 09:40:06.000,IO2512-P-5000,644.0,648.2,655.8
2025-08-26,2025-08-26 09:40:13.000,IO2512-P-5000,644.0,648.2,655.8
2025-08-26,2025-08-26 09:40:13.500,IO2512-P-5000,644.0,648.6,655.8
2025-08-26,2025-08-26 09:40:14.000,IO2512-P-5000,644.0,648.8,655.8
2025-08-26,2025-08-26 09:40:14.500,IO2512-P-5000,644.0,649.0,655.8
2025-08-26,2025-08-26 09:40:15.000,IO2512-P-5000,644.0,648.2,655.8
2025-08-26,2025-08-26 09:40:15.500,IO2512-P-5000,644.0,648.2,655.8
2025-08-26,2025-08-26 09:40:16.000,IO2512-P-5000,644.0,648.2,655.8
2025-08-26,2025-08-26 09:40:17.500,IO2512-P-5000,644.0,648.4,655.8
2025-08-26,2025-08-26 09:40:18.000,IO2512-P-5000,644.0,648.4,655.8
2025-08-26,2025-08-26 09:40:19.000,IO2512-P-5000,644.0,648.4,655.8
2025-08-26,2025-08-26 09:40:24.500,IO2512-P-5000,644.0,648.4,655.8
2025-08-26,2025-08-26 09:40:29.000,IO2512-P-5000,644.0,648.6,655.8
2025-08-26,2025-08-26 09:40:29.500,IO2512-P-5000,644.0,648.6,655.8
2025-08-26,2025-08-26 09:40:31.000,IO2512-P-5000,644.0,649.4,655.8
2025-08-26,2025-08-26 09:40:31.500,IO2512-P-5000,644.0,649.4,655.8
2025-08-26,2025-08-26 09:40:32.500,IO2512-P-5000,644.0,649.4,655.8
2025-08-26,2025-08-26 09:40:33.000,IO2512-P-5000,644.0,649.4,656.0
2025-08-26,2025-08-26 09:40:33.500,IO2512-P-5000,644.0,649.8,656.2
2025-08-26,2025-08-26 09:40:34.000,IO2512-P-5000,644.0,649.8,656.2
2025-08-26,2025-08-26 09:40:34.500,IO2512-P-5000,644.0,650.4,656.4
2025-08-26,2025-08-26 09:40:35.000,IO2512-P-5000,644.0,650.4,656.8
2025-08-26,2025-08-26 09:40:35.500,IO2512-P-5000,644.0,650.4,656.8
2025-08-26,2025-08-26 09:40:36.000,IO2512-P-5000,644.0,649.8,656.8
2025-08-26,2025-08-26 09:40:36.500,IO2512-P-5000,644.0,649.8,656.8
2025-08-26,2025-08-26 09:40:37.000,IO2512-P-5000,644.0,649.8,657.0
2025-08-26,2025-08-26 09:40:37.500,IO2512-P-5000,644.0,649.8,657.0
2025-08-26,2025-08-26 09:40:38.000,IO2512-P-5000,644.0,649.8,657.0
2025-08-26,2025-08-26 09:40:39.000,IO2512-P-5000,644.0,649.8,657.0
2025-08-26,2025-08-26 09:40:39.500,IO2512-P-5000,644.0,649.8,657.0
2025-08-26,2025-08-26 09:40:48.000,IO2512-P-5000,644.0,650.0,657.0
2025-08-26,2025-08-26 09:40:49.000,IO2512-P-5000,644.0,650.0,657.0
2025-08-26,2025-08-26 09:40:49.500,IO2512-P-5000,644.0,650.0,657.0
2025-08-26,2025-08-26 09:41:01.500,IO2512-P-5000,644.0,650.2,657.0
2025-08-26,2025-08-26 09:41:02.000,IO2512-P-5000,644.0,650.2,657.0
2025-08-26,2025-08-26 09:41:02.500,IO2512-P-5000,644.0,650.2,657.0
2025-08-26,2025-08-26 09:41:03.000,IO2512-P-5000,644.0,650.2,657.0
2025-08-26,2025-08-26 09:41:04.000,IO2512-P-5000,644.0,650.2,656.8
2025-08-26,2025-08-26 09:41:05.000,IO2512-P-5000,644.0,650.8,657.0
2025-08-26,2025-08-26 09:41:05.500,IO2512-P-5000,644.0,650.8,657.0
2025-08-26,2025-08-26 09:41:09.000,IO2512-P-5000,644.0,650.2,656.4
2025-08-26,2025-08-26 09:41:09.500,IO2512-P-5000,644.0,650.2,655.8
2025-08-26,2025-08-26 09:41:10.000,IO2512-P-5000,644.0,650.2,655.8
2025-08-26,2025-08-26 09:41:12.000,IO2512-P-5000,644.0,650.2,655.8
2025-08-26,2025-08-26 09:41:12.500,IO2512-P-5000,644.0,650.2,657.2
2025-08-26,2025-08-26 09:41:13.000,IO2512-P-5000,644.0,650.2,657.2
2025-08-26,2025-08-26 09:41:14.000,IO2512-P-5000,644.0,650.2,655.2
2025-08-26,2025-08-26 09:41:14.500,IO2512-P-5000,644.0,650.0,655.2
2025-08-26,2025-08-26 09:41:15.000,IO2512-P-5000,644.0,649.8,655.2
2025-08-26,2025-08-26 09:41:15.500,IO2512-P-5000,644.0,649.8,655.2
2025-08-26,2025-08-26 09:41:19.500,IO2512-P-5000,644.0,649.8,655.2
2025-08-26,2025-08-26 09:41:20.000,IO2512-P-5000,644.0,649.8,655.2
2025-08-26,2025-08-26 09:41:38.000,IO2512-P-5000,644.0,649.8,655.2
2025-08-26,2025-08-26 09:41:38.500,IO2512-P-5000,644.0,649.6,655.2
2025-08-26,2025-08-26 09:41:39.000,IO2512-P-5000,644.0,649.4,655.2
2025-08-26,2025-08-26 09:41:39.500,IO2512-P-5000,644.0,649.4,655.2
2025-08-26,2025-08-26 09:41:40.000,IO2512-P-5000,644.0,649.4,655.2
2025-08-26,2025-08-26 09:41:43.500,IO2512-P-5000,644.0,649.2,655.2
2025-08-26,2025-08-26 09:41:44.000,IO2512-P-5000,644.0,649.2,655.0
2025-08-26,2025-08-26 09:41:44.500,IO2512-P-5000,644.0,649.2,655.0
2025-08-26,2025-08-26 09:41:45.500,IO2512-P-5000,644.0,648.8,655.0
2025-08-26,2025-08-26 09:41:47.500,IO2512-P-5000,644.0,649.2,655.2
2025-08-26,2025-08-26 09:41:48.000,IO2512-P-5000,644.0,649.2,655.2
2025-08-26,2025-08-26 09:41:48.500,IO2512-P-5000,644.0,649.2,655.2
2025-08-26,2025-08-26 09:41:54.500,IO2512-P-5000,644.0,649.2,655.2
2025-08-26,2025-08-26 09:41:55.000,IO2512-P-5000,644.0,649.2,655.2
2025-08-26,2025-08-26 09:42:00.500,IO2512-P-5000,644.0,648.8,655.2
2025-08-26,2025-08-26 09:42:01.000,IO2512-P-5000,644.0,648.8,655.2
2025-08-26,2025-08-26 09:42:09.000,IO2512-P-5000,644.0,649.4,655.2
2025-08-26,2025-08-26 09:42:09.500,IO2512-P-5000,644.0,649.4,655.2
2025-08-26,2025-08-26 09:42:14.500,IO2512-P-5000,644.0,649.4,655.0
2025-08-26,2025-08-26 09:42:17.000,IO2512-P-5000,644.0,648.8,655.0
2025-08-26,2025-08-26 09:42:18.000,IO2512-P-5000,644.0,648.8,655.0
2025-08-26,2025-08-26 09:42:18.500,IO2512-P-5000,644.0,648.8,655.0
2025-08-26,2025-08-26 09:42:30.500,IO2512-P-5000,644.0,648.8,654.0
2025-08-26,2025-08-26 09:42:31.000,IO2512-P-5000,644.0,648.8,653.8
2025-08-26,2025-08-26 09:42:31.500,IO2512-P-5000,644.0,648.8,653.8
2025-08-26,2025-08-26 09:42:32.000,IO2512-P-5000,644.0,648.8,653.8
2025-08-26,2025-08-26 09:42:32.500,IO2512-P-5000,644.0,648.2,653.6
2025-08-26,2025-08-26 09:42:33.000,IO2512-P-5000,644.0,648.2,653.6
2025-08-26,2025-08-26 09:42:33.500,IO2512-P-5000,644.0,648.2,653.6
2025-08-26,2025-08-26 09:42:34.000,IO2512-P-5000,644.0,648.2,653.6
2025-08-26,2025-08-26 09:42:34.500,IO2512-P-5000,644.0,647.8,653.6
2025-08-26,2025-08-26 09:42:35.000,IO2512-P-5000,644.0,647.6,653.6
2025-08-26,2025-08-26 09:42:35.500,IO2512-P-5000,644.0,647.4,653.6
2025-08-26,2025-08-26 09:42:36.000,IO2512-P-5000,644.0,647.4,653.6
2025-08-26,2025-08-26 09:42:36.500,IO2512-P-5000,644.0,647.4,653.6
2025-08-26,2025-08-26 09:42:37.000,IO2512-P-5000,644.0,647.4,653.6
2025-08-26,2025-08-26 09:42:37.500,IO2512-P-5000,644.0,647.0,653.6
2025-08-26,2025-08-26 09:42:38.000,IO2512-P-5000,644.0,647.0,653.6
2025-08-26,2025-08-26 09:42:38.500,IO2512-P-5000,644.0,647.0,653.6
2025-08-26,2025-08-26 09:42:48.000,IO2512-P-5000,644.0,646.6,652.8
2025-08-26,2025-08-26 09:42:48.500,IO2512-P-5000,644.0,646.6,652.8
2025-08-26,2025-08-26 09:42:49.000,IO2512-P-5000,644.0,646.6,652.8
2025-08-26,2025-08-26 09:42:49.500,IO2512-P-5000,644.0,646.6,652.8
2025-08-26,2025-08-26 09:42:50.000,IO2512-P-5000,644.0,646.6,652.8
2025-08-26,2025-08-26 09:42:50.500,IO2512-P-5000,644.0,646.6,652.8
2025-08-26,2025-08-26 09:43:42.000,IO2512-P-5000,644.0,646.4,652.8
2025-08-26,2025-08-26 09:43:42.500,IO2512-P-5000,644.0,646.4,652.8
2025-08-26,2025-08-26 09:43:43.000,IO2512-P-5000,644.0,646.4,652.8
2025-08-26,2025-08-26 09:43:44.500,IO2512-P-5000,644.0,646.4,652.8
2025-08-26,2025-08-26 09:43:47.000,IO2512-P-5000,644.0,646.4,652.8
2025-08-26,2025-08-26 09:43:47.500,IO2512-P-5000,644.0,646.4,652.8
2025-08-26,2025-08-26 09:44:12.500,IO2512-P-5000,644.0,646.4,652.8
2025-08-26,2025-08-26 09:44:13.000,IO2512-P-5000,644.0,646.4,652.8
2025-08-26,2025-08-26 09:44:23.500,IO2512-P-5000,644.0,646.4,652.8
2025-08-26,2025-08-26 09:44:39.500,IO2512-P-5000,644.0,646.4,652.8
2025-08-26,2025-08-26 09:44:45.500,IO2512-P-5000,644.0,646.4,652.8
2025-08-26,2025-08-26 09:44:54.500,IO2512-P-5000,644.0,646.4,652.8
2025-08-26,2025-08-26 09:44:55.000,IO2512-P-5000,644.0,646.4,652.8
2025-08-26,2025-08-26 09:45:14.500,IO2512-P-5000,644.0,646.4,652.8
2025-08-26,2025-08-26 09:45:15.500,IO2512-P-5000,644.0,646.4,652.8
2025-08-26,2025-08-26 09:45:16.000,IO2512-P-5000,644.0,647.0,652.8
2025-08-26,2025-08-26 09:45:16.500,IO2512-P-5000,644.0,647.0,652.8
2025-08-26,2025-08-26 09:45:17.000,IO2512-P-5000,644.0,647.0,652.8
2025-08-26,2025-08-26 09:45:18.500,IO2512-P-5000,644.0,647.2,652.8
2025-08-26,2025-08-26 09:45:19.000,IO2512-P-5000,644.0,647.2,652.8
2025-08-26,2025-08-26 09:45:28.500,IO2512-P-5000,644.0,647.4,652.8
2025-08-26,2025-08-26 09:45:29.000,IO2512-P-5000,644.0,647.4,653.8
2025-08-26,2025-08-26 09:45:29.500,IO2512-P-5000,644.0,648.2,653.8
2025-08-26,2025-08-26 09:45:30.000,IO2512-P-5000,644.0,648.2,653.8
2025-08-26,2025-08-26 09:45:30.500,IO2512-P-5000,644.0,648.2,653.8
2025-08-26,2025-08-26 09:45:32.500,IO2512-P-5000,644.0,648.2,653.8
2025-08-26,2025-08-26 09:45:33.000,IO2512-P-5000,644.0,648.2,653.8
2025-08-26,2025-08-26 09:45:35.000,IO2512-P-5000,644.0,648.4,654.2
2025-08-26,2025-08-26 09:45:35.500,IO2512-P-5000,644.0,648.4,654.4
2025-08-26,2025-08-26 09:45:36.000,IO2512-P-5000,644.0,648.4,654.4
2025-08-26,2025-08-26 09:45:36.500,IO2512-P-5000,644.0,648.4,654.4
2025-08-26,2025-08-26 09:45:37.500,IO2512-P-5000,644.0,648.4,655.0
2025-08-26,2025-08-26 09:45:38.000,IO2512-P-5000,644.0,648.4,655.0
2025-08-26,2025-08-26 09:45:38.500,IO2512-P-5000,644.0,648.4,655.0
2025-08-26,2025-08-26 09:45:42.500,IO2512-P-5000,644.0,648.4,655.0
2025-08-26,2025-08-26 09:45:45.500,IO2512-P-5000,644.0,648.6,655.0
2025-08-26,2025-08-26 09:45:46.000,IO2512-P-5000,644.0,648.6,655.0
2025-08-26,2025-08-26 09:45:46.500,IO2512-P-5000,644.0,648.6,655.0
2025-08-26,2025-08-26 09:45:49.000,IO2512-P-5000,644.0,648.6,654.8
2025-08-26,2025-08-26 09:45:49.500,IO2512-P-5000,644.0,648.6,654.8
2025-08-26,2025-08-26 09:45:50.000,IO2512-P-5000,644.0,648.6,654.8
2025-08-26,2025-08-26 09:45:51.000,IO2512-P-5000,644.0,648.6,654.8
2025-08-26,2025-08-26 09:45:51.500,IO2512-P-5000,644.0,648.6,654.8
2025-08-26,2025-08-26 09:45:53.500,IO2512-P-5000,644.0,648.6,654.0
2025-08-26,2025-08-26 09:45:54.000,IO2512-P-5000,644.0,648.6,654.0
2025-08-26,2025-08-26 09:45:54.500,IO2512-P-5000,644.0,648.6,653.4
2025-08-26,2025-08-26 09:45:55.000,IO2512-P-5000,644.0,648.4,653.4
2025-08-26,2025-08-26 09:45:55.500,IO2512-P-5000,644.0,648.2,653.2
2025-08-26,2025-08-26 09:45:56.000,IO2512-P-5000,644.0,647.8,653.4
2025-08-26,2025-08-26 09:45:56.500,IO2512-P-5000,644.0,647.8,653.4
2025-08-26,2025-08-26 09:45:57.000,IO2512-P-5000,644.0,647.8,653.4
2025-08-26,2025-08-26 09:45:57.500,IO2512-P-5000,644.0,647.8,653.4
2025-08-26,2025-08-26 09:45:58.000,IO2512-P-5000,644.0,647.6,653.4
2025-08-26,2025-08-26 09:45:58.500,IO2512-P-5000,644.0,647.4,653.4
2025-08-26,2025-08-26 09:45:59.000,IO2512-P-5000,644.0,647.4,653.4
2025-08-26,2025-08-26 09:45:59.500,IO2512-P-5000,644.0,647.4,653.4
2025-08-26,2025-08-26 09:46:00.500,IO2512-P-5000,644.0,647.0,653.4
2025-08-26,2025-08-26 09:46:01.000,IO2512-P-5000,644.0,647.0,653.4
2025-08-26,2025-08-26 09:46:02.500,IO2512-P-5000,644.0,646.8,653.4
2025-08-26,2025-08-26 09:46:03.000,IO2512-P-5000,644.0,646.8,653.4
2025-08-26,2025-08-26 09:46:03.500,IO2512-P-5000,644.0,646.8,653.4
2025-08-26,2025-08-26 09:46:05.000,IO2512-P-5000,644.0,646.8,653.4
2025-08-26,2025-08-26 09:46:14.000,IO2512-P-5000,644.0,646.6,652.8
2025-08-26,2025-08-26 09:46:14.500,IO2512-P-5000,644.0,646.6,652.8
2025-08-26,2025-08-26 09:46:15.000,IO2512-P-5000,644.0,646.6,652.8
2025-08-26,2025-08-26 09:46:15.500,IO2512-P-5000,644.0,646.6,652.8
2025-08-26,2025-08-26 09:46:16.000,IO2512-P-5000,644.0,646.4,652.8
2025-08-26,2025-08-26 09:46:16.500,IO2512-P-5000,644.0,646.4,652.8
2025-08-26,2025-08-26 09:46:17.000,IO2512-P-5000,644.0,646.4,652.8
2025-08-26,2025-08-26 09:46:17.500,IO2512-P-5000,644.0,646.4,652.4
2025-08-26,2025-08-26 09:46:18.000,IO2512-P-5000,644.0,646.4,652.4
2025-08-26,2025-08-26 09:46:18.500,IO2512-P-5000,644.0,646.4,652.4
2025-08-26,2025-08-26 09:46:19.000,IO2512-P-5000,644.0,646.4,652.4
2025-08-26,2025-08-26 09:46:19.500,IO2512-P-5000,644.0,646.4,652.4
2025-08-26,2025-08-26 09:46:21.000,IO2512-P-5000,644.0,646.4,652.4
2025-08-26,2025-08-26 09:46:23.500,IO2512-P-5000,644.0,646.4,652.4
2025-08-26,2025-08-26 09:46:29.500,IO2512-P-5000,644.0,646.4,651.8
2025-08-26,2025-08-26 09:46:30.000,IO2512-P-5000,644.0,646.4,651.8
2025-08-26,2025-08-26 09:46:30.500,IO2512-P-5000,644.0,646.4,651.8
2025-08-26,2025-08-26 09:46:36.000,IO2512-P-5000,644.0,646.4,651.8
2025-08-26,2025-08-26 09:46:38.000,IO2512-P-5000,644.0,646.4,651.8
2025-08-26,2025-08-26 09:46:39.500,IO2512-P-5000,644.0,646.4,651.8
2025-08-26,2025-08-26 09:46:40.000,IO2512-P-5000,644.0,646.4,653.0
2025-08-26,2025-08-26 09:46:40.500,IO2512-P-5000,644.0,646.4,653.0
2025-08-26,2025-08-26 09:46:41.000,IO2512-P-5000,644.0,646.4,653.0
2025-08-26,2025-08-26 09:46:43.500,IO2512-P-5000,644.0,646.4,651.6
2025-08-26,2025-08-26 09:46:44.000,IO2512-P-5000,644.0,646.4,651.6
2025-08-26,2025-08-26 09:46:44.500,IO2512-P-5000,644.0,646.4,651.6
2025-08-26,2025-08-26 09:47:03.000,IO2512-P-5000,644.0,646.4,651.6
2025-08-26,2025-08-26 09:47:04.000,IO2512-P-5000,644.0,646.4,651.6
2025-08-26,2025-08-26 09:47:04.500,IO2512-P-5000,644.0,646.4,653.0
2025-08-26,2025-08-26 09:47:05.000,IO2512-P-5000,644.0,646.4,653.0
2025-08-26,2025-08-26 09:47:09.500,IO2512-P-5000,644.0,646.4,651.6
2025-08-26,2025-08-26 09:47:10.000,IO2512-P-5000,644.0,646.4,651.6
2025-08-26,2025-08-26 09:47:10.500,IO2512-P-5000,644.0,646.4,651.6
2025-08-26,2025-08-26 09:47:15.000,IO2512-P-5000,644.0,646.4,651.6
2025-08-26,2025-08-26 09:47:15.500,IO2512-P-5000,644.0,646.4,653.0
2025-08-26,2025-08-26 09:47:16.000,IO2512-P-5000,644.0,646.4,653.0
2025-08-26,2025-08-26 09:47:16.500,IO2512-P-5000,644.0,646.4,651.6
2025-08-26,2025-08-26 09:47:17.000,IO2512-P-5000,644.0,646.4,651.6
2025-08-26,2025-08-26 09:47:17.500,IO2512-P-5000,644.0,646.4,651.6
2025-08-26,2025-08-26 09:47:19.000,IO2512-P-5000,644.0,646.4,650.6
2025-08-26,2025-08-26 09:47:19.500,IO2512-P-5000,644.0,646.4,650.6
2025-08-26,2025-08-26 09:47:20.000,IO2512-P-5000,644.0,646.4,650.6
2025-08-26,2025-08-26 09:47:20.500,IO2512-P-5000,644.0,646.4,650.6
2025-08-26,2025-08-26 09:47:21.000,IO2512-P-5000,644.0,646.4,650.6
2025-08-26,2025-08-26 09:47:23.500,IO2512-P-5000,644.0,646.4,651.0
2025-08-26,2025-08-26 09:47:24.000,IO2512-P-5000,644.0,645.6,650.4
2025-08-26,2025-08-26 09:47:24.500,IO2512-P-5000,644.0,645.4,650.4
2025-08-26,2025-08-26 09:47:25.000,IO2512-P-5000,644.0,645.4,650.4
2025-08-26,2025-08-26 09:47:25.500,IO2512-P-5000,644.0,645.4,650.8
2025-08-26,2025-08-26 09:47:26.500,IO2512-P-5000,644.0,645.2,650.6
2025-08-26,2025-08-26 09:47:27.000,IO2512-P-5000,644.0,645.0,650.4
2025-08-26,2025-08-26 09:47:27.500,IO2512-P-5000,644.0,645.0,650.4
2025-08-26,2025-08-26 09:47:28.000,IO2512-P-5000,644.0,645.0,650.4
2025-08-26,2025-08-26 09:47:29.000,IO2512-P-5000,644.0,644.6,650.4
2025-08-26,2025-08-26 09:47:29.500,IO2512-P-5000,644.0,644.2,650.4
2025-08-26,2025-08-26 09:47:30.000,IO2512-P-5000,644.0,644.2,650.4
2025-08-26,2025-08-26 09:47:31.500,IO2512-P-5000,644.0,644.2,650.4
2025-08-26,2025-08-26 09:47:32.000,IO2512-P-5000,644.0,644.2,650.4
2025-08-26,2025-08-26 09:47:41.000,IO2512-P-5000,644.0,644.6,651.2
2025-08-26,2025-08-26 09:47:41.500,IO2512-P-5000,644.0,644.6,651.2
2025-08-26,2025-08-26 09:47:42.000,IO2512-P-5000,644.0,644.6,651.2
2025-08-26,2025-08-26 09:47:42.500,IO2512-P-5000,644.0,644.6,651.2
2025-08-26,2025-08-26 09:47:43.000,IO2512-P-5000,644.0,644.6,651.2
2025-08-26,2025-08-26 09:47:43.500,IO2512-P-5000,644.0,644.8,651.2
2025-08-26,2025-08-26 09:47:44.000,IO2512-P-5000,644.0,644.8,651.2
2025-08-26,2025-08-26 09:47:44.500,IO2512-P-5000,644.0,644.8,651.2
2025-08-26,2025-08-26 09:47:51.000,IO2512-P-5000,644.0,644.8,651.2
2025-08-26,2025-08-26 09:47:51.500,IO2512-P-5000,644.0,644.8,651.4
2025-08-26,2025-08-26 09:47:52.000,IO2512-P-5000,644.0,644.8,651.4
2025-08-26,2025-08-26 09:47:52.500,IO2512-P-5000,644.0,644.8,651.4
2025-08-26,2025-08-26 09:47:53.500,IO2512-P-5000,644.0,644.8,651.6
2025-08-26,2025-08-26 09:47:54.000,IO2512-P-5000,644.0,644.8,651.6
2025-08-26,2025-08-26 09:47:54.500,IO2512-P-5000,644.0,644.8,651.6
2025-08-26,2025-08-26 09:47:55.000,IO2512-P-5000,644.0,644.8,651.6
2025-08-26,2025-08-26 09:47:57.000,IO2512-P-5000,644.0,644.8,651.6
2025-08-26,2025-08-26 09:47:58.000,IO2512-P-5000,644.0,646.0,652.4
2025-08-26,2025-08-26 09:47:58.500,IO2512-P-5000,644.0,646.0,652.4
2025-08-26,2025-08-26 09:47:59.000,IO2512-P-5000,644.0,646.0,652.4
2025-08-26,2025-08-26 09:47:59.500,IO2512-P-5000,644.0,646.0,652.4
2025-08-26,2025-08-26 09:48:00.000,IO2512-P-5000,644.0,646.0,653.0
2025-08-26,2025-08-26 09:48:00.500,IO2512-P-5000,644.0,646.0,653.0
2025-08-26,2025-08-26 09:48:01.000,IO2512-P-5000,644.0,646.0,653.0
2025-08-26,2025-08-26 09:48:02.000,IO2512-P-5000,644.0,646.0,653.0
2025-08-26,2025-08-26 09:48:02.500,IO2512-P-5000,644.0,646.0,653.0
2025-08-26,2025-08-26 09:48:03.000,IO2512-P-5000,644.0,646.0,653.0
2025-08-26,2025-08-26 09:48:08.000,IO2512-P-5000,644.0,645.6,652.0
2025-08-26,2025-08-26 09:48:10.000,IO2512-P-5000,644.0,646.0,653.2
2025-08-26,2025-08-26 09:48:11.000,IO2512-P-5000,644.0,646.0,653.2
2025-08-26,2025-08-26 09:48:11.500,IO2512-P-5000,644.0,646.0,653.2
2025-08-26,2025-08-26 09:48:12.000,IO2512-P-5000,644.0,646.2,653.2
2025-08-26,2025-08-26 09:48:12.500,IO2512-P-5000,644.0,646.2,653.2
2025-08-26,2025-08-26 09:48:13.000,IO2512-P-5000,644.0,646.2,653.2
2025-08-26,2025-08-26 09:48:13.500,IO2512-P-5000,644.0,646.2,653.2
2025-08-26,2025-08-26 09:48:26.000,IO2512-P-5000,644.0,646.2,653.2
2025-08-26,2025-08-26 09:48:26.500,IO2512-P-5000,644.0,646.2,652.0
2025-08-26,2025-08-26 09:48:27.000,IO2512-P-5000,644.0,646.2,652.0
2025-08-26,2025-08-26 09:48:38.000,IO2512-P-5000,644.0,646.2,653.2
2025-08-26,2025-08-26 09:48:38.500,IO2512-P-5000,644.0,646.2,653.2
2025-08-26,2025-08-26 09:48:40.000,IO2512-P-5000,644.0,646.2,653.2
2025-08-26,2025-08-26 09:48:46.500,IO2512-P-5000,644.0,646.2,653.2
2025-08-26,2025-08-26 09:48:47.000,IO2512-P-5000,644.0,646.2,653.2
2025-08-26,2025-08-26 09:48:49.500,IO2512-P-5000,644.0,646.2,653.2
2025-08-26,2025-08-26 09:48:50.000,IO2512-P-5000,644.0,646.2,653.2
2025-08-26,2025-08-26 09:48:51.500,IO2512-P-5000,644.0,646.2,653.2
2025-08-26,2025-08-26 09:48:56.000,IO2512-P-5000,644.0,646.2,653.2
2025-08-26,2025-08-26 09:48:56.500,IO2512-P-5000,644.0,646.2,653.2
2025-08-26,2025-08-26 09:49:00.000,IO2512-P-5000,644.0,647.2,653.2
2025-08-26,2025-08-26 09:49:00.500,IO2512-P-5000,644.0,647.2,653.2
2025-08-26,2025-08-26 09:49:01.000,IO2512-P-5000,644.0,647.2,653.2
2025-08-26,2025-08-26 09:49:01.500,IO2512-P-5000,644.0,647.2,653.2
2025-08-26,2025-08-26 09:49:11.000,IO2512-P-5000,644.0,646.2,652.6
2025-08-26,2025-08-26 09:49:11.500,IO2512-P-5000,644.0,646.2,652.6
2025-08-26,2025-08-26 09:49:13.500,IO2512-P-5000,644.0,646.8,653.2
2025-08-26,2025-08-26 09:49:17.000,IO2512-P-5000,644.0,646.8,653.2
2025-08-26,2025-08-26 09:49:56.000,IO2512-P-5000,644.0,646.2,652.8
2025-08-26,2025-08-26 09:49:57.000,IO2512-P-5000,644.0,646.2,652.8
2025-08-26,2025-08-26 09:50:03.000,IO2512-P-5000,644.0,646.2,652.8
2025-08-26,2025-08-26 09:50:04.000,IO2512-P-5000,644.0,645.8,652.8
2025-08-26,2025-08-26 09:50:04.500,IO2512-P-5000,644.0,645.8,652.8
2025-08-26,2025-08-26 09:50:27.000,IO2512-P-5000,644.0,645.8,652.8
2025-08-26,2025-08-26 09:50:30.500,IO2512-P-5000,644.0,645.8,652.8
2025-08-26,2025-08-26 09:50:32.500,IO2512-P-5000,644.0,645.8,652.8
2025-08-26,2025-08-26 09:50:57.000,IO2512-P-5000,644.0,645.8,652.8
2025-08-26,2025-08-26 09:51:11.000,IO2512-P-5000,644.0,645.8,652.8
2025-08-26,2025-08-26 09:51:11.500,IO2512-P-5000,644.0,645.8,652.8
2025-08-26,2025-08-26 09:51:27.000,IO2512-P-5000,644.0,645.8,652.8
2025-08-26,2025-08-26 09:51:39.000,IO2512-P-5000,644.0,645.8,651.6
2025-08-26,2025-08-26 09:51:39.500,IO2512-P-5000,644.0,645.8,651.6
2025-08-26,2025-08-26 09:51:40.000,IO2512-P-5000,644.0,645.8,651.6
2025-08-26,2025-08-26 09:51:42.000,IO2512-P-5000,644.0,645.8,651.6
2025-08-26,2025-08-26 09:52:01.000,IO2512-P-5000,644.0,645.8,651.4
2025-08-26,2025-08-26 09:52:01.500,IO2512-P-5000,644.0,645.8,651.2
2025-08-26,2025-08-26 09:52:02.000,IO2512-P-5000,644.0,645.8,651.2
2025-08-26,2025-08-26 09:52:02.500,IO2512-P-5000,644.0,645.8,651.2
2025-08-26,2025-08-26 09:52:04.000,IO2512-P-5000,644.0,645.8,651.4
2025-08-26,2025-08-26 09:52:04.500,IO2512-P-5000,644.0,645.8,651.4
2025-08-26,2025-08-26 09:52:17.000,IO2512-P-5000,644.0,645.8,651.4
2025-08-26,2025-08-26 09:52:27.000,IO2512-P-5000,644.0,645.8,651.0
2025-08-26,2025-08-26 09:52:27.500,IO2512-P-5000,644.0,645.8,650.8
2025-08-26,2025-08-26 09:52:29.500,IO2512-P-5000,644.0,645.8,650.8
2025-08-26,2025-08-26 09:52:30.000,IO2512-P-5000,644.0,645.8,650.4
2025-08-26,2025-08-26 09:52:30.500,IO2512-P-5000,644.0,645.8,650.4
2025-08-26,2025-08-26 09:52:31.000,IO2512-P-5000,644.0,645.6,650.4
2025-08-26,2025-08-26 09:52:31.500,IO2512-P-5000,644.0,645.4,650.4
2025-08-26,2025-08-26 09:52:32.000,IO2512-P-5000,644.0,645.4,650.4
2025-08-26,2025-08-26 09:52:32.500,IO2512-P-5000,644.0,645.4,650.4
2025-08-26,2025-08-26 09:52:35.500,IO2512-P-5000,644.0,645.0,650.4
2025-08-26,2025-08-26 09:52:37.500,IO2512-P-5000,644.0,644.8,650.4
2025-08-26,2025-08-26 09:52:38.000,IO2512-P-5000,644.0,644.8,650.4
2025-08-26,2025-08-26 09:52:38.500,IO2512-P-5000,644.0,644.4,650.4
2025-08-26,2025-08-26 09:52:39.000,IO2512-P-5000,644.0,644.4,650.4
2025-08-26,2025-08-26 09:52:39.500,IO2512-P-5000,644.0,644.4,650.4
2025-08-26,2025-08-26 09:52:50.500,IO2512-P-5000,644.0,644.4,650.4
2025-08-26,2025-08-26 09:53:01.000,IO2512-P-5000,644.0,644.4,650.4
2025-08-26,2025-08-26 09:53:01.500,IO2512-P-5000,644.0,645.2,650.4
2025-08-26,2025-08-26 09:53:02.000,IO2512-P-5000,644.0,645.2,650.4
2025-08-26,2025-08-26 09:53:05.500,IO2512-P-5000,644.0,644.6,650.4
2025-08-26,2025-08-26 09:53:08.000,IO2512-P-5000,644.0,644.6,650.4
2025-08-26,2025-08-26 09:53:08.500,IO2512-P-5000,644.0,644.6,650.0
2025-08-26,2025-08-26 09:53:09.000,IO2512-P-5000,644.0,644.6,650.2
2025-08-26,2025-08-26 09:53:41.500,IO2512-P-5000,644.0,644.6,650.2
2025-08-26,2025-08-26 09:53:48.500,IO2512-P-5000,644.0,644.6,650.4
2025-08-26,2025-08-26 09:53:51.000,IO2512-P-5000,644.0,644.6,650.4
2025-08-26,2025-08-26 09:54:01.500,IO2512-P-5000,644.0,644.4,650.4
2025-08-26,2025-08-26 09:54:02.000,IO2512-P-5000,644.0,644.4,650.4
2025-08-26,2025-08-26 09:54:02.500,IO2512-P-5000,644.0,644.2,650.4
2025-08-26,2025-08-26 09:54:03.000,IO2512-P-5000,644.0,644.2,650.4
2025-08-26,2025-08-26 09:54:03.500,IO2512-P-5000,644.0,644.2,650.4
2025-08-26,2025-08-26 09:54:04.500,IO2512-P-5000,644.0,643.8,650.4
2025-08-26,2025-08-26 09:54:05.000,IO2512-P-5000,644.0,643.8,650.4
2025-08-26,2025-08-26 09:54:06.500,IO2512-P-5000,644.0,643.8,650.4
2025-08-26,2025-08-26 09:54:11.000,IO2512-P-5000,644.0,643.6,650.4
2025-08-26,2025-08-26 09:54:11.500,IO2512-P-5000,644.0,643.6,650.4
2025-08-26,2025-08-26 09:54:12.000,IO2512-P-5000,644.0,643.6,650.4
2025-08-26,2025-08-26 09:54:12.500,IO2512-P-5000,644.0,643.6,650.4
2025-08-26,2025-08-26 09:54:14.000,IO2512-P-5000,644.0,643.6,650.4
2025-08-26,2025-08-26 09:54:15.000,IO2512-P-5000,644.0,643.6,649.0
2025-08-26,2025-08-26 09:54:15.500,IO2512-P-5000,644.0,643.6,649.0
2025-08-26,2025-08-26 09:54:16.000,IO2512-P-5000,644.0,643.6,649.0
2025-08-26,2025-08-26 09:54:16.500,IO2512-P-5000,644.0,643.4,648.8
2025-08-26,2025-08-26 09:54:17.000,IO2512-P-5000,644.0,643.4,648.8
2025-08-26,2025-08-26 09:54:17.500,IO2512-P-5000,644.0,643.4,648.8
2025-08-26,2025-08-26 09:54:18.000,IO2512-P-5000,644.0,643.4,648.8
2025-08-26,2025-08-26 09:54:18.500,IO2512-P-5000,644.0,643.2,648.8
2025-08-26,2025-08-26 09:54:19.000,IO2512-P-5000,644.0,643.0,648.4
2025-08-26,2025-08-26 09:54:19.500,IO2512-P-5000,644.0,642.8,648.4
2025-08-26,2025-08-26 09:54:20.000,IO2512-P-5000,644.0,642.8,648.4
2025-08-26,2025-08-26 09:54:20.500,IO2512-P-5000,644.0,642.8,648.4
2025-08-26,2025-08-26 09:54:21.000,IO2512-P-5000,644.0,642.8,648.4
2025-08-26,2025-08-26 09:54:21.500,IO2512-P-5000,644.0,642.4,648.4
2025-08-26,2025-08-26 09:54:22.000,IO2512-P-5000,644.0,642.4,648.4
2025-08-26,2025-08-26 09:54:22.500,IO2512-P-5000,644.0,642.4,648.4
2025-08-26,2025-08-26 09:54:23.000,IO2512-P-5000,644.0,642.0,648.4
2025-08-26,2025-08-26 09:54:23.500,IO2512-P-5000,644.0,642.0,648.4
2025-08-26,2025-08-26 09:54:24.000,IO2512-P-5000,644.0,642.0,648.4
2025-08-26,2025-08-26 09:54:25.000,IO2512-P-5000,644.0,642.0,648.4
2025-08-26,2025-08-26 09:54:25.500,IO2512-P-5000,644.0,642.0,648.4
2025-08-26,2025-08-26 09:54:32.000,IO2512-P-5000,644.0,642.0,648.4
2025-08-26,2025-08-26 09:54:33.000,IO2512-P-5000,644.0,642.0,648.4
2025-08-26,2025-08-26 09:54:35.000,IO2512-P-5000,644.0,642.0,648.4
2025-08-26,2025-08-26 09:54:38.000,IO2512-P-5000,644.0,641.8,647.8
2025-08-26,2025-08-26 09:54:38.500,IO2512-P-5000,644.0,641.8,647.8
2025-08-26,2025-08-26 09:54:39.000,IO2512-P-5000,644.0,641.8,647.8
2025-08-26,2025-08-26 09:54:44.500,IO2512-P-5000,644.0,641.2,647.8
2025-08-26,2025-08-26 09:54:45.000,IO2512-P-5000,644.0,641.2,647.8
2025-08-26,2025-08-26 09:54:46.500,IO2512-P-5000,644.0,641.2,647.8
2025-08-26,2025-08-26 09:54:47.000,IO2512-P-5000,644.0,641.2,647.8
2025-08-26,2025-08-26 09:54:47.500,IO2512-P-5000,644.0,641.2,647.8
2025-08-26,2025-08-26 09:54:48.500,IO2512-P-5000,644.0,641.2,647.8
2025-08-26,2025-08-26 09:54:49.000,IO2512-P-5000,644.0,641.2,647.8
2025-08-26,2025-08-26 09:54:51.000,IO2512-P-5000,644.0,641.2,647.8
2025-08-26,2025-08-26 09:54:58.000,IO2512-P-5000,644.0,641.2,647.8
2025-08-26,2025-08-26 09:54:58.500,IO2512-P-5000,644.0,641.2,647.8
2025-08-26,2025-08-26 09:54:59.000,IO2512-P-5000,644.0,641.2,646.4
2025-08-26,2025-08-26 09:54:59.500,IO2512-P-5000,644.0,641.2,646.2
2025-08-26,2025-08-26 09:55:00.000,IO2512-P-5000,644.0,641.2,646.2
2025-08-26,2025-08-26 09:55:00.500,IO2512-P-5000,644.0,641.2,646.2
2025-08-26,2025-08-26 09:55:03.500,IO2512-P-5000,644.0,641.0,646.2
2025-08-26,2025-08-26 09:55:04.000,IO2512-P-5000,644.0,641.0,646.2
2025-08-26,2025-08-26 09:55:05.000,IO2512-P-5000,644.0,641.0,646.4
2025-08-26,2025-08-26 09:55:16.500,IO2512-P-5000,644.0,641.0,646.2
2025-08-26,2025-08-26 09:55:17.500,IO2512-P-5000,644.0,641.0,646.0
2025-08-26,2025-08-26 09:55:18.500,IO2512-P-5000,644.0,641.0,645.8
2025-08-26,2025-08-26 09:55:20.000,IO2512-P-5000,644.0,641.0,645.8
2025-08-26,2025-08-26 09:55:20.500,IO2512-P-5000,644.0,641.0,645.8
2025-08-26,2025-08-26 09:55:24.000,IO2512-P-5000,644.0,640.6,645.8
2025-08-26,2025-08-26 09:55:24.500,IO2512-P-5000,644.0,640.4,645.6
2025-08-26,2025-08-26 09:55:25.000,IO2512-P-5000,644.0,640.2,645.6
2025-08-26,2025-08-26 09:55:25.500,IO2512-P-5000,644.0,640.0,645.4
2025-08-26,2025-08-26 09:55:26.000,IO2512-P-5000,644.0,640.0,645.4
2025-08-26,2025-08-26 09:55:26.500,IO2512-P-5000,644.0,640.0,645.4
2025-08-26,2025-08-26 09:55:27.000,IO2512-P-5000,644.0,640.0,645.2
2025-08-26,2025-08-26 09:55:27.500,IO2512-P-5000,644.0,639.8,645.2
2025-08-26,2025-08-26 09:55:28.000,IO2512-P-5000,644.0,639.4,645.2
2025-08-26,2025-08-26 09:55:28.500,IO2512-P-5000,644.0,639.4,645.2
2025-08-26,2025-08-26 09:55:29.000,IO2512-P-5000,644.0,639.4,645.2
2025-08-26,2025-08-26 09:55:30.000,IO2512-P-5000,644.0,639.4,645.2
2025-08-26,2025-08-26 09:55:59.500,IO2512-P-5000,644.0,639.4,644.8
2025-08-26,2025-08-26 09:56:00.000,IO2512-P-5000,644.0,639.4,644.6
2025-08-26,2025-08-26 09:56:00.500,IO2512-P-5000,644.0,639.4,644.6
2025-08-26,2025-08-26 09:56:06.500,IO2512-P-5000,644.0,639.4,644.2
2025-08-26,2025-08-26 09:56:07.000,IO2512-P-5000,644.0,639.4,644.2
2025-08-26,2025-08-26 09:56:07.500,IO2512-P-5000,644.0,639.4,644.2
2025-08-26,2025-08-26 09:56:10.500,IO2512-P-5000,644.0,639.4,644.2
2025-08-26,2025-08-26 09:56:11.000,IO2512-P-5000,644.0,639.4,645.6
2025-08-26,2025-08-26 09:56:11.500,IO2512-P-5000,644.0,639.4,645.6
2025-08-26,2025-08-26 09:56:12.000,IO2512-P-5000,644.0,639.4,645.6
2025-08-26,2025-08-26 09:56:13.500,IO2512-P-5000,644.0,639.0,645.6
2025-08-26,2025-08-26 09:56:14.000,IO2512-P-5000,644.0,639.0,645.6
2025-08-26,2025-08-26 09:56:14.500,IO2512-P-5000,644.0,639.0,645.6
2025-08-26,2025-08-26 09:56:15.000,IO2512-P-5000,644.0,639.0,645.6
2025-08-26,2025-08-26 09:56:15.500,IO2512-P-5000,644.0,638.8,645.6
2025-08-26,2025-08-26 09:56:16.000,IO2512-P-5000,644.0,638.4,645.6
2025-08-26,2025-08-26 09:56:16.500,IO2512-P-5000,644.0,638.4,645.6
2025-08-26,2025-08-26 09:56:17.000,IO2512-P-5000,644.0,638.4,645.6
2025-08-26,2025-08-26 09:56:18.000,IO2512-P-5000,644.0,638.4,644.2
2025-08-26,2025-08-26 09:56:18.500,IO2512-P-5000,644.0,638.4,644.2
2025-08-26,2025-08-26 09:56:23.500,IO2512-P-5000,644.0,638.4,644.2
2025-08-26,2025-08-26 09:56:24.000,IO2512-P-5000,644.0,638.4,645.4
2025-08-26,2025-08-26 09:56:24.500,IO2512-P-5000,644.0,638.4,645.4
2025-08-26,2025-08-26 09:56:25.000,IO2512-P-5000,644.0,638.4,645.4
2025-08-26,2025-08-26 09:56:28.500,IO2512-P-5000,644.0,638.4,645.4
2025-08-26,2025-08-26 09:56:29.000,IO2512-P-5000,644.0,638.4,645.4
2025-08-26,2025-08-26 09:56:56.000,IO2512-P-5000,644.0,638.4,644.2
2025-08-26,2025-08-26 09:56:56.500,IO2512-P-5000,644.0,638.4,644.2
2025-08-26,2025-08-26 09:56:57.000,IO2512-P-5000,644.0,638.4,644.2
2025-08-26,2025-08-26 09:56:57.500,IO2512-P-5000,644.0,638.4,644.2
2025-08-26,2025-08-26 09:56:58.500,IO2512-P-5000,644.0,638.4,644.2
2025-08-26,2025-08-26 09:57:01.000,IO2512-P-5000,644.0,638.6,644.2
2025-08-26,2025-08-26 09:57:01.500,IO2512-P-5000,644.0,638.6,645.6
2025-08-26,2025-08-26 09:57:02.000,IO2512-P-5000,644.0,638.6,645.6
2025-08-26,2025-08-26 09:57:04.500,IO2512-P-5000,644.0,638.4,644.6
2025-08-26,2025-08-26 09:57:05.000,IO2512-P-5000,644.0,638.4,644.6
2025-08-26,2025-08-26 09:57:28.500,IO2512-P-5000,644.0,638.4,644.6
2025-08-26,2025-08-26 09:57:29.000,IO2512-P-5000,644.0,638.4,644.6
2025-08-26,2025-08-26 09:57:46.500,IO2512-P-5000,644.0,638.8,644.6
2025-08-26,2025-08-26 09:57:47.000,IO2512-P-5000,644.0,638.8,645.6
2025-08-26,2025-08-26 09:57:47.500,IO2512-P-5000,644.0,638.8,645.6
2025-08-26,2025-08-26 09:57:49.000,IO2512-P-5000,644.0,638.8,645.6
2025-08-26,2025-08-26 09:57:49.500,IO2512-P-5000,644.0,639.0,645.6
2025-08-26,2025-08-26 09:57:50.000,IO2512-P-5000,644.0,639.0,645.6
2025-08-26,2025-08-26 09:57:51.000,IO2512-P-5000,644.0,639.0,645.6
2025-08-26,2025-08-26 09:57:51.500,IO2512-P-5000,644.0,639.0,646.0
2025-08-26,2025-08-26 09:57:52.000,IO2512-P-5000,644.0,639.0,646.0
2025-08-26,2025-08-26 09:57:52.500,IO2512-P-5000,644.0,639.0,646.0
2025-08-26,2025-08-26 09:57:53.500,IO2512-P-5000,644.0,639.0,646.0
2025-08-26,2025-08-26 09:57:55.500,IO2512-P-5000,644.0,639.0,646.0
2025-08-26,2025-08-26 09:57:56.000,IO2512-P-5000,644.0,639.0,646.0
2025-08-26,2025-08-26 09:57:59.000,IO2512-P-5000,644.0,639.0,646.0
2025-08-26,2025-08-26 09:57:59.500,IO2512-P-5000,644.0,640.4,646.8
2025-08-26,2025-08-26 09:58:00.000,IO2512-P-5000,644.0,640.4,646.8
2025-08-26,2025-08-26 09:58:00.500,IO2512-P-5000,644.0,640.4,646.8
2025-08-26,2025-08-26 09:58:01.000,IO2512-P-5000,644.0,640.6,646.8
2025-08-26,2025-08-26 09:58:01.500,IO2512-P-5000,644.0,640.6,646.8
2025-08-26,2025-08-26 09:58:19.000,IO2512-P-5000,644.0,640.6,646.8
2025-08-26,2025-08-26 09:58:19.500,IO2512-P-5000,644.0,640.6,646.8
2025-08-26,2025-08-26 09:58:20.000,IO2512-P-5000,644.0,640.6,646.8
2025-08-26,2025-08-26 09:58:21.000,IO2512-P-5000,644.0,640.6,647.4
2025-08-26,2025-08-26 09:58:21.500,IO2512-P-5000,644.0,641.6,647.4
2025-08-26,2025-08-26 09:58:22.000,IO2512-P-5000,644.0,641.6,647.4
2025-08-26,2025-08-26 09:58:23.000,IO2512-P-5000,644.0,641.6,647.4
2025-08-26,2025-08-26 09:58:23.500,IO2512-P-5000,644.0,641.6,647.4
2025-08-26,2025-08-26 09:58:24.000,IO2512-P-5000,644.0,641.6,647.4
2025-08-26,2025-08-26 09:58:33.000,IO2512-P-5000,644.0,641.6,647.0
2025-08-26,2025-08-26 09:58:33.500,IO2512-P-5000,644.0,640.6,647.0
2025-08-26,2025-08-26 09:58:34.000,IO2512-P-5000,644.0,640.6,647.0
2025-08-26,2025-08-26 09:58:35.000,IO2512-P-5000,644.0,640.6,646.6
2025-08-26,2025-08-26 09:58:35.500,IO2512-P-5000,644.0,640.6,646.6
2025-08-26,2025-08-26 09:58:36.000,IO2512-P-5000,644.0,640.6,646.6
2025-08-26,2025-08-26 09:58:41.000,IO2512-P-5000,644.0,640.6,646.6
2025-08-26,2025-08-26 09:58:41.500,IO2512-P-5000,644.0,640.6,646.6
2025-08-26,2025-08-26 09:58:49.000,IO2512-P-5000,644.0,640.6,646.6
2025-08-26,2025-08-26 09:58:51.000,IO2512-P-5000,644.0,640.8,646.6
2025-08-26,2025-08-26 09:58:51.500,IO2512-P-5000,644.0,640.8,646.6
2025-08-26,2025-08-26 09:58:57.000,IO2512-P-5000,644.0,640.8,646.6
2025-08-26,2025-08-26 09:59:01.500,IO2512-P-5000,644.0,642.2,646.6
2025-08-26,2025-08-26 09:59:02.000,IO2512-P-5000,644.0,642.2,646.6
2025-08-26,2025-08-26 09:59:02.500,IO2512-P-5000,644.0,642.2,647.4
2025-08-26,2025-08-26 09:59:03.000,IO2512-P-5000,644.0,642.2,647.4
2025-08-26,2025-08-26 09:59:03.500,IO2512-P-5000,644.0,642.4,647.4
2025-08-26,2025-08-26 09:59:04.500,IO2512-P-5000,644.0,642.4,647.4
2025-08-26,2025-08-26 09:59:05.000,IO2512-P-5000,644.0,642.4,647.4
2025-08-26,2025-08-26 09:59:05.500,IO2512-P-5000,644.0,642.6,647.6
2025-08-26,2025-08-26 09:59:06.000,IO2512-P-5000,644.0,642.6,647.8
2025-08-26,2025-08-26 09:59:06.500,IO2512-P-5000,644.0,642.6,647.8
2025-08-26,2025-08-26 09:59:07.000,IO2512-P-5000,644.0,642.6,647.8
2025-08-26,2025-08-26 09:59:07.500,IO2512-P-5000,644.0,642.6,647.8
2025-08-26,2025-08-26 09:59:08.000,IO2512-P-5000,644.0,642.6,647.8
2025-08-26,2025-08-26 09:59:08.500,IO2512-P-5000,644.0,642.6,647.8
2025-08-26,2025-08-26 09:59:14.000,IO2512-P-5000,644.0,642.6,647.8
2025-08-26,2025-08-26 09:59:14.500,IO2512-P-5000,644.0,642.6,647.8
2025-08-26,2025-08-26 09:59:15.500,IO2512-P-5000,644.0,642.8,647.8
2025-08-26,2025-08-26 09:59:16.000,IO2512-P-5000,644.0,642.8,647.8
2025-08-26,2025-08-26 09:59:16.500,IO2512-P-5000,644.0,642.8,647.8
2025-08-26,2025-08-26 09:59:17.000,IO2512-P-5000,644.0,642.6,647.8
2025-08-26,2025-08-26 09:59:17.500,IO2512-P-5000,644.0,642.6,647.8
2025-08-26,2025-08-26 09:59:19.000,IO2512-P-5000,644.0,642.6,647.8
2025-08-26,2025-08-26 09:59:19.500,IO2512-P-5000,644.0,642.6,647.8
2025-08-26,2025-08-26 09:59:47.500,IO2512-P-5000,644.0,643.0,647.8
2025-08-26,2025-08-26 09:59:48.000,IO2512-P-5000,644.0,643.2,648.2
2025-08-26,2025-08-26 09:59:48.500,IO2512-P-5000,644.0,643.2,648.6
2025-08-26,2025-08-26 09:59:49.000,IO2512-P-5000,644.0,643.2,648.6
2025-08-26,2025-08-26 09:59:49.500,IO2512-P-5000,644.0,643.2,648.6
2025-08-26,2025-08-26 09:59:50.000,IO2512-P-5000,644.0,643.2,648.6
2025-08-26,2025-08-26 09:59:50.500,IO2512-P-5000,644.0,643.2,648.6
2025-08-26,2025-08-26 09:59:51.000,IO2512-P-5000,644.0,643.2,648.6
2025-08-26,2025-08-26 09:59:51.500,IO2512-P-5000,644.0,643.2,648.6
2025-08-26,2025-08-26 09:59:58.500,IO2512-P-5000,644.0,642.6,648.6
2025-08-26,2025-08-26 09:59:59.000,IO2512-P-5000,644.0,642.6,648.6
2025-08-26,2025-08-26 10:00:00.500,IO2512-P-5000,644.0,642.6,648.6
2025-08-26,2025-08-26 10:00:01.000,IO2512-P-5000,644.0,642.4,648.6
2025-08-26,2025-08-26 10:00:01.500,IO2512-P-5000,644.0,642.4,648.6
2025-08-26,2025-08-26 10:00:02.000,IO2512-P-5000,644.0,641.6,648.4
2025-08-26,2025-08-26 10:00:02.500,IO2512-P-5000,644.0,641.6,648.4
2025-08-26,2025-08-26 10:00:03.000,IO2512-P-5000,644.0,641.6,648.4
2025-08-26,2025-08-26 10:00:03.500,IO2512-P-5000,644.0,641.6,648.6
2025-08-26,2025-08-26 10:00:04.000,IO2512-P-5000,644.0,641.4,648.6
2025-08-26,2025-08-26 10:00:04.500,IO2512-P-5000,644.0,641.4,648.6
2025-08-26,2025-08-26 10:00:06.500,IO2512-P-5000,644.0,642.8,648.6
2025-08-26,2025-08-26 10:00:07.000,IO2512-P-5000,644.0,642.8,648.6
2025-08-26,2025-08-26 10:00:14.000,IO2512-P-5000,644.0,642.8,648.4
2025-08-26,2025-08-26 10:00:14.500,IO2512-P-5000,644.0,641.4,648.4
2025-08-26,2025-08-26 10:00:15.000,IO2512-P-5000,644.0,641.4,648.4
2025-08-26,2025-08-26 10:00:15.500,IO2512-P-5000,644.0,641.4,648.4
2025-08-26,2025-08-26 10:00:17.000,IO2512-P-5000,644.0,641.4,648.4
2025-08-26,2025-08-26 10:00:19.000,IO2512-P-5000,644.0,641.4,648.4
2025-08-26,2025-08-26 10:00:30.500,IO2512-P-5000,644.0,641.4,647.2
2025-08-26,2025-08-26 10:00:31.000,IO2512-P-5000,644.0,641.4,647.2
2025-08-26,2025-08-26 10:00:31.500,IO2512-P-5000,644.0,641.4,647.2
2025-08-26,2025-08-26 10:00:32.000,IO2512-P-5000,644.0,641.4,647.2
2025-08-26,2025-08-26 10:00:32.500,IO2512-P-5000,644.0,641.4,647.2
2025-08-26,2025-08-26 10:00:33.000,IO2512-P-5000,644.0,641.4,647.2
2025-08-26,2025-08-26 10:00:36.500,IO2512-P-5000,644.0,641.2,647.0
2025-08-26,2025-08-26 10:00:37.000,IO2512-P-5000,644.0,640.8,647.0
2025-08-26,2025-08-26 10:00:37.500,IO2512-P-5000,644.0,640.6,647.0
2025-08-26,2025-08-26 10:00:38.000,IO2512-P-5000,644.0,640.6,647.0
2025-08-26,2025-08-26 10:00:38.500,IO2512-P-5000,644.0,640.6,647.0
2025-08-26,2025-08-26 10:00:39.500,IO2512-P-5000,644.0,640.4,647.0
2025-08-26,2025-08-26 10:00:40.000,IO2512-P-5000,644.0,640.4,647.0
2025-08-26,2025-08-26 10:00:40.500,IO2512-P-5000,644.0,640.4,647.0
2025-08-26,2025-08-26 10:00:41.000,IO2512-P-5000,644.0,640.4,647.0
2025-08-26,2025-08-26 10:00:45.500,IO2512-P-5000,644.0,640.4,647.0
2025-08-26,2025-08-26 10:00:56.000,IO2512-P-5000,644.0,640.6,647.2
2025-08-26,2025-08-26 10:00:56.500,IO2512-P-5000,644.0,640.6,647.2
2025-08-26,2025-08-26 10:00:58.000,IO2512-P-5000,644.0,640.6,647.2
2025-08-26,2025-08-26 10:00:58.500,IO2512-P-5000,644.0,640.6,647.2
2025-08-26,2025-08-26 10:01:02.500,IO2512-P-5000,644.0,640.6,647.2
2025-08-26,2025-08-26 10:01:03.000,IO2512-P-5000,644.0,641.2,647.2
2025-08-26,2025-08-26 10:01:03.500,IO2512-P-5000,644.0,641.2,647.2
2025-08-26,2025-08-26 10:01:17.500,IO2512-P-5000,644.0,642.0,647.2
2025-08-26,2025-08-26 10:01:18.000,IO2512-P-5000,644.0,642.0,647.2
2025-08-26,2025-08-26 10:01:18.500,IO2512-P-5000,644.0,642.2,647.2
2025-08-26,2025-08-26 10:01:19.000,IO2512-P-5000,644.0,642.2,647.2
2025-08-26,2025-08-26 10:01:19.500,IO2512-P-5000,644.0,642.2,647.2
2025-08-26,2025-08-26 10:01:23.500,IO2512-P-5000,644.0,642.6,647.2
2025-08-26,2025-08-26 10:01:24.000,IO2512-P-5000,644.0,642.2,647.2
2025-08-26,2025-08-26 10:01:24.500,IO2512-P-5000,644.0,642.6,647.2
2025-08-26,2025-08-26 10:01:25.000,IO2512-P-5000,644.0,642.6,647.2
2025-08-26,2025-08-26 10:01:25.500,IO2512-P-5000,644.0,642.6,647.2
2025-08-26,2025-08-26 10:01:32.000,IO2512-P-5000,644.0,642.6,647.2
2025-08-26,2025-08-26 10:01:38.500,IO2512-P-5000,644.0,642.8,647.2
2025-08-26,2025-08-26 10:01:39.000,IO2512-P-5000,644.0,643.0,647.2
2025-08-26,2025-08-26 10:01:39.500,IO2512-P-5000,644.0,642.8,647.2
2025-08-26,2025-08-26 10:01:40.500,IO2512-P-5000,644.0,643.0,647.2
2025-08-26,2025-08-26 10:01:41.000,IO2512-P-5000,644.0,643.0,647.2
2025-08-26,2025-08-26 10:01:41.500,IO2512-P-5000,644.0,643.0,647.6
2025-08-26,2025-08-26 10:01:42.000,IO2512-P-5000,644.0,642.8,647.8
2025-08-26,2025-08-26 10:01:42.500,IO2512-P-5000,644.0,642.8,648.0
2025-08-26,2025-08-26 10:01:43.000,IO2512-P-5000,644.0,642.8,648.0
2025-08-26,2025-08-26 10:01:43.500,IO2512-P-5000,644.0,642.8,648.0
2025-08-26,2025-08-26 10:01:44.000,IO2512-P-5000,644.0,643.0,648.0
2025-08-26,2025-08-26 10:01:44.500,IO2512-P-5000,644.0,643.0,648.0
2025-08-26,2025-08-26 10:01:45.000,IO2512-P-5000,644.0,643.0,648.0
2025-08-26,2025-08-26 10:01:54.500,IO2512-P-5000,644.0,642.8,648.0
2025-08-26,2025-08-26 10:01:55.000,IO2512-P-5000,644.0,642.8,648.0
2025-08-26,2025-08-26 10:02:00.500,IO2512-P-5000,644.0,642.8,648.0
2025-08-26,2025-08-26 10:02:01.000,IO2512-P-5000,644.0,642.8,648.0
2025-08-26,2025-08-26 10:02:01.500,IO2512-P-5000,644.0,642.8,648.0
2025-08-26,2025-08-26 10:02:02.000,IO2512-P-5000,644.0,642.8,648.0
2025-08-26,2025-08-26 10:02:02.500,IO2512-P-5000,644.0,642.4,648.0
2025-08-26,2025-08-26 10:02:03.000,IO2512-P-5000,644.0,641.6,648.0
2025-08-26,2025-08-26 10:02:03.500,IO2512-P-5000,644.0,641.6,648.0
2025-08-26,2025-08-26 10:02:08.500,IO2512-P-5000,644.0,641.6,648.0
2025-08-26,2025-08-26 10:02:12.000,IO2512-P-5000,644.0,642.4,648.0
2025-08-26,2025-08-26 10:02:12.500,IO2512-P-5000,644.0,642.6,648.0
2025-08-26,2025-08-26 10:02:13.000,IO2512-P-5000,644.0,642.6,648.0
2025-08-26,2025-08-26 10:02:13.500,IO2512-P-5000,644.0,643.2,648.0
2025-08-26,2025-08-26 10:02:14.000,IO2512-P-5000,644.0,643.2,648.0
2025-08-26,2025-08-26 10:02:15.000,IO2512-P-5000,644.0,643.2,648.0
2025-08-26,2025-08-26 10:02:16.500,IO2512-P-5000,644.0,643.2,648.0
2025-08-26,2025-08-26 10:02:22.000,IO2512-P-5000,644.0,643.2,648.0
2025-08-26,2025-08-26 10:02:29.000,IO2512-P-5000,644.0,643.2,648.0
2025-08-26,2025-08-26 10:02:36.500,IO2512-P-5000,644.0,643.6,648.4
2025-08-26,2025-08-26 10:02:37.000,IO2512-P-5000,644.0,643.6,648.4
2025-08-26,2025-08-26 10:02:37.500,IO2512-P-5000,644.0,643.6,648.4
2025-08-26,2025-08-26 10:02:38.000,IO2512-P-5000,644.0,643.6,648.4
2025-08-26,2025-08-26 10:02:38.500,IO2512-P-5000,644.0,643.6,648.8
2025-08-26,2025-08-26 10:02:39.000,IO2512-P-5000,644.0,643.6,648.8
2025-08-26,2025-08-26 10:02:40.000,IO2512-P-5000,644.0,643.8,648.8
2025-08-26,2025-08-26 10:02:40.500,IO2512-P-5000,644.0,643.8,648.8
2025-08-26,2025-08-26 10:02:52.000,IO2512-P-5000,644.0,643.6,648.8
2025-08-26,2025-08-26 10:03:02.000,IO2512-P-5000,644.0,644.0,648.8
2025-08-26,2025-08-26 10:03:02.500,IO2512-P-5000,644.0,644.0,648.8
2025-08-26,2025-08-26 10:03:03.000,IO2512-P-5000,644.0,643.8,648.8
2025-08-26,2025-08-26 10:03:03.500,IO2512-P-5000,644.0,643.8,648.8
2025-08-26,2025-08-26 10:03:05.000,IO2512-P-5000,644.0,643.6,648.8
2025-08-26,2025-08-26 10:03:08.000,IO2512-P-5000,644.0,643.6,648.8
2025-08-26,2025-08-26 10:03:08.500,IO2512-P-5000,644.0,643.6,648.8
2025-08-26,2025-08-26 10:03:13.000,IO2512-P-5000,644.0,643.6,648.8
2025-08-26,2025-08-26 10:03:13.500,IO2512-P-5000,644.0,643.0,648.8
2025-08-26,2025-08-26 10:03:14.000,IO2512-P-5000,644.0,643.0,648.8
2025-08-26,2025-08-26 10:03:14.500,IO2512-P-5000,644.0,643.0,648.8
2025-08-26,2025-08-26 10:03:15.500,IO2512-P-5000,644.0,642.6,648.8
2025-08-26,2025-08-26 10:03:16.000,IO2512-P-5000,644.0,642.4,648.8
2025-08-26,2025-08-26 10:03:16.500,IO2512-P-5000,644.0,642.4,648.8
2025-08-26,2025-08-26 10:03:17.500,IO2512-P-5000,644.0,642.4,648.8
2025-08-26,2025-08-26 10:03:18.000,IO2512-P-5000,644.0,642.4,648.8
2025-08-26,2025-08-26 10:03:18.500,IO2512-P-5000,644.0,642.4,648.8
2025-08-26,2025-08-26 10:03:43.000,IO2512-P-5000,644.0,642.2,648.8
2025-08-26,2025-08-26 10:03:44.500,IO2512-P-5000,644.0,642.2,649.0
2025-08-26,2025-08-26 10:03:45.000,IO2512-P-5000,644.0,642.0,649.0
2025-08-26,2025-08-26 10:03:45.500,IO2512-P-5000,644.0,642.0,649.0
2025-08-26,2025-08-26 10:03:46.000,IO2512-P-5000,644.0,642.0,649.0
2025-08-26,2025-08-26 10:03:46.500,IO2512-P-5000,644.0,642.0,649.0
2025-08-26,2025-08-26 10:03:47.000,IO2512-P-5000,644.0,642.0,649.0
2025-08-26,2025-08-26 10:03:47.500,IO2512-P-5000,644.0,642.0,649.0
2025-08-26,2025-08-26 10:03:48.000,IO2512-P-5000,644.0,641.8,647.8
2025-08-26,2025-08-26 10:03:48.500,IO2512-P-5000,644.0,641.8,647.8
2025-08-26,2025-08-26 10:03:49.000,IO2512-P-5000,644.0,641.8,647.8
2025-08-26,2025-08-26 10:03:49.500,IO2512-P-5000,644.0,641.8,647.8
2025-08-26,2025-08-26 10:03:55.000,IO2512-P-5000,644.0,641.8,647.8
2025-08-26,2025-08-26 10:03:55.500,IO2512-P-5000,644.0,641.8,647.8
2025-08-26,2025-08-26 10:04:02.000,IO2512-P-5000,644.0,641.8,647.8
2025-08-26,2025-08-26 10:04:02.500,IO2512-P-5000,644.0,641.8,646.4
2025-08-26,2025-08-26 10:04:03.000,IO2512-P-5000,644.0,641.4,646.0
2025-08-26,2025-08-26 10:04:03.500,IO2512-P-5000,644.0,641.2,646.0
2025-08-26,2025-08-26 10:04:04.000,IO2512-P-5000,644.0,641.0,646.2
2025-08-26,2025-08-26 10:04:04.500,IO2512-P-5000,644.0,640.8,646.2
2025-08-26,2025-08-26 10:04:05.000,IO2512-P-5000,644.0,640.8,646.2
2025-08-26,2025-08-26 10:04:05.500,IO2512-P-5000,644.0,640.8,646.2
2025-08-26,2025-08-26 10:04:06.500,IO2512-P-5000,644.0,640.6,646.2
2025-08-26,2025-08-26 10:04:07.000,IO2512-P-5000,644.0,640.4,646.2
2025-08-26,2025-08-26 10:04:07.500,IO2512-P-5000,644.0,640.0,646.2
2025-08-26,2025-08-26 10:04:08.000,IO2512-P-5000,644.0,640.0,646.2
2025-08-26,2025-08-26 10:04:08.500,IO2512-P-5000,644.0,640.0,646.2
2025-08-26,2025-08-26 10:04:09.500,IO2512-P-5000,644.0,639.6,646.2
2025-08-26,2025-08-26 10:04:10.000,IO2512-P-5000,644.0,639.6,646.2
2025-08-26,2025-08-26 10:04:10.500,IO2512-P-5000,644.0,639.6,646.2
2025-08-26,2025-08-26 10:04:14.500,IO2512-P-5000,644.0,639.2,646.2
2025-08-26,2025-08-26 10:04:15.000,IO2512-P-5000,644.0,639.2,646.2
2025-08-26,2025-08-26 10:04:15.500,IO2512-P-5000,644.0,639.2,645.0
2025-08-26,2025-08-26 10:04:16.000,IO2512-P-5000,644.0,639.2,645.0
2025-08-26,2025-08-26 10:04:16.500,IO2512-P-5000,644.0,639.0,645.0
2025-08-26,2025-08-26 10:04:32.500,IO2512-P-5000,644.0,639.0,645.0
2025-08-26,2025-08-26 10:04:33.000,IO2512-P-5000,644.0,639.0,645.0
2025-08-26,2025-08-26 10:04:52.000,IO2512-P-5000,644.0,639.0,643.6
2025-08-26,2025-08-26 10:04:52.500,IO2512-P-5000,644.0,639.0,643.8
2025-08-26,2025-08-26 10:04:53.000,IO2512-P-5000,644.0,639.0,643.8
2025-08-26,2025-08-26 10:04:59.000,IO2512-P-5000,644.0,639.0,643.8
2025-08-26,2025-08-26 10:04:59.500,IO2512-P-5000,644.0,639.0,643.8
2025-08-26,2025-08-26 10:05:00.500,IO2512-P-5000,644.0,639.0,643.6
2025-08-26,2025-08-26 10:05:01.000,IO2512-P-5000,644.0,639.0,643.4
2025-08-26,2025-08-26 10:05:04.500,IO2512-P-5000,644.0,639.0,643.6
2025-08-26,2025-08-26 10:05:11.000,IO2512-P-5000,644.0,639.0,643.4
2025-08-26,2025-08-26 10:05:11.500,IO2512-P-5000,644.0,639.0,643.8
2025-08-26,2025-08-26 10:05:13.000,IO2512-P-5000,644.0,639.0,643.8
2025-08-26,2025-08-26 10:05:13.500,IO2512-P-5000,644.0,639.0,643.8
2025-08-26,2025-08-26 10:05:16.000,IO2512-P-5000,644.0,639.0,643.6
2025-08-26,2025-08-26 10:05:17.500,IO2512-P-5000,644.0,639.0,643.8
2025-08-26,2025-08-26 10:05:25.000,IO2512-P-5000,644.0,639.0,643.6
2025-08-26,2025-08-26 10:05:27.000,IO2512-P-5000,644.0,639.0,643.8
2025-08-26,2025-08-26 10:05:27.500,IO2512-P-5000,644.0,639.0,643.4
2025-08-26,2025-08-26 10:05:35.000,IO2512-P-5000,644.0,639.0,643.6
2025-08-26,2025-08-26 10:05:38.500,IO2512-P-5000,644.0,639.0,643.6
2025-08-26,2025-08-26 10:05:40.000,IO2512-P-5000,644.0,639.0,643.6
2025-08-26,2025-08-26 10:05:43.000,IO2512-P-5000,644.0,639.0,643.4
2025-08-26,2025-08-26 10:05:44.000,IO2512-P-5000,644.0,639.0,643.6
2025-08-26,2025-08-26 10:05:46.500,IO2512-P-5000,644.0,639.0,643.6
2025-08-26,2025-08-26 10:05:47.500,IO2512-P-5000,644.0,639.0,643.8
2025-08-26,2025-08-26 10:05:48.500,IO2512-P-5000,644.0,639.0,643.4
2025-08-26,2025-08-26 10:05:58.000,IO2512-P-5000,644.0,639.0,643.8
2025-08-26,2025-08-26 10:06:00.000,IO2512-P-5000,644.0,639.0,643.6
2025-08-26,2025-08-26 10:06:00.500,IO2512-P-5000,644.0,639.0,643.8
2025-08-26,2025-08-26 10:06:04.500,IO2512-P-5000,644.0,639.0,643.4
2025-08-26,2025-08-26 10:06:05.500,IO2512-P-5000,644.0,639.0,643.4
2025-08-26,2025-08-26 10:06:06.000,IO2512-P-5000,644.0,639.0,643.4
2025-08-26,2025-08-26 10:06:30.000,IO2512-P-5000,644.0,638.8,643.4
2025-08-26,2025-08-26 10:06:30.500,IO2512-P-5000,644.0,638.6,643.4
2025-08-26,2025-08-26 10:06:31.000,IO2512-P-5000,644.0,638.6,642.8
2025-08-26,2025-08-26 10:06:31.500,IO2512-P-5000,644.0,638.6,642.8
2025-08-26,2025-08-26 10:06:32.000,IO2512-P-5000,644.0,638.6,642.8
2025-08-26,2025-08-26 10:06:32.500,IO2512-P-5000,644.0,638.4,642.8
2025-08-26,2025-08-26 10:06:33.000,IO2512-P-5000,644.0,638.2,642.8
2025-08-26,2025-08-26 10:06:33.500,IO2512-P-5000,644.0,638.2,642.8
2025-08-26,2025-08-26 10:06:34.000,IO2512-P-5000,644.0,638.2,642.8
2025-08-26,2025-08-26 10:06:34.500,IO2512-P-5000,644.0,638.0,642.8
2025-08-26,2025-08-26 10:06:35.000,IO2512-P-5000,644.0,638.0,642.8
2025-08-26,2025-08-26 10:06:35.500,IO2512-P-5000,644.0,638.0,642.8
2025-08-26,2025-08-26 10:06:36.000,IO2512-P-5000,644.0,638.0,642.8
2025-08-26,2025-08-26 10:06:36.500,IO2512-P-5000,644.0,637.8,642.8
2025-08-26,2025-08-26 10:06:37.000,IO2512-P-5000,644.0,637.8,642.8
2025-08-26,2025-08-26 10:06:52.000,IO2512-P-5000,644.0,637.8,642.8
2025-08-26,2025-08-26 10:07:02.500,IO2512-P-5000,644.0,637.8,642.2
2025-08-26,2025-08-26 10:07:03.000,IO2512-P-5000,644.0,637.8,642.2
2025-08-26,2025-08-26 10:07:05.500,IO2512-P-5000,644.0,637.2,642.2
2025-08-26,2025-08-26 10:07:06.000,IO2512-P-5000,644.0,637.2,642.2
2025-08-26,2025-08-26 10:07:06.500,IO2512-P-5000,644.0,637.2,642.2
2025-08-26,2025-08-26 10:07:07.500,IO2512-P-5000,644.0,637.2,642.2
2025-08-26,2025-08-26 10:07:08.000,IO2512-P-5000,644.0,637.2,642.2
2025-08-26,2025-08-26 10:08:00.500,IO2512-P-5000,644.0,636.8,642.2
2025-08-26,2025-08-26 10:08:01.000,IO2512-P-5000,644.0,636.6,642.2
2025-08-26,2025-08-26 10:08:01.500,IO2512-P-5000,644.0,636.6,642.2
2025-08-26,2025-08-26 10:08:02.000,IO2512-P-5000,644.0,636.6,642.2
2025-08-26,2025-08-26 10:08:03.500,IO2512-P-5000,644.0,636.6,642.2
2025-08-26,2025-08-26 10:08:04.000,IO2512-P-5000,644.0,636.6,642.2
2025-08-26,2025-08-26 10:08:20.000,IO2512-P-5000,644.0,636.6,642.8
2025-08-26,2025-08-26 10:08:25.000,IO2512-P-5000,644.0,636.6,642.8
2025-08-26,2025-08-26 10:08:26.500,IO2512-P-5000,644.0,636.6,642.8
2025-08-26,2025-08-26 10:08:27.500,IO2512-P-5000,644.0,636.6,642.8
2025-08-26,2025-08-26 10:08:29.000,IO2512-P-5000,644.0,636.6,642.2
2025-08-26,2025-08-26 10:08:29.500,IO2512-P-5000,644.0,636.6,642.0
2025-08-26,2025-08-26 10:08:32.000,IO2512-P-5000,644.0,636.6,641.8
2025-08-26,2025-08-26 10:08:32.500,IO2512-P-5000,644.0,636.6,641.8
2025-08-26,2025-08-26 10:08:33.500,IO2512-P-5000,644.0,636.6,641.8
2025-08-26,2025-08-26 10:09:10.000,IO2512-P-5000,644.0,636.6,641.8
2025-08-26,2025-08-26 10:09:10.500,IO2512-P-5000,644.0,636.6,642.8
2025-08-26,2025-08-26 10:09:11.000,IO2512-P-5000,644.0,636.6,642.8
2025-08-26,2025-08-26 10:09:14.000,IO2512-P-5000,644.0,636.6,642.8
2025-08-26,2025-08-26 10:09:21.000,IO2512-P-5000,644.0,636.6,642.0
2025-08-26,2025-08-26 10:09:21.500,IO2512-P-5000,644.0,636.6,642.0
2025-08-26,2025-08-26 10:09:30.500,IO2512-P-5000,644.0,636.6,642.0
2025-08-26,2025-08-26 10:09:45.500,IO2512-P-5000,644.0,636.6,640.6
2025-08-26,2025-08-26 10:09:46.000,IO2512-P-5000,644.0,636.6,640.6
2025-08-26,2025-08-26 10:09:46.500,IO2512-P-5000,644.0,636.6,640.6
2025-08-26,2025-08-26 10:09:47.000,IO2512-P-5000,644.0,636.6,640.6
2025-08-26,2025-08-26 10:09:55.000,IO2512-P-5000,644.0,636.6,640.4
2025-08-26,2025-08-26 10:09:55.500,IO2512-P-5000,644.0,636.6,640.4
2025-08-26,2025-08-26 10:09:56.000,IO2512-P-5000,644.0,636.6,640.4
2025-08-26,2025-08-26 10:09:56.500,IO2512-P-5000,644.0,636.6,640.4
2025-08-26,2025-08-26 10:09:58.000,IO2512-P-5000,644.0,636.6,640.6
2025-08-26,2025-08-26 10:09:58.500,IO2512-P-5000,644.0,636.6,640.6
2025-08-26,2025-08-26 10:09:59.000,IO2512-P-5000,644.0,636.6,640.6
2025-08-26,2025-08-26 10:09:59.500,IO2512-P-5000,644.0,636.6,640.6
2025-08-26,2025-08-26 10:10:01.500,IO2512-P-5000,644.0,636.6,640.6
2025-08-26,2025-08-26 10:10:02.500,IO2512-P-5000,644.0,636.6,640.6
2025-08-26,2025-08-26 10:10:08.000,IO2512-P-5000,644.0,636.6,640.6
2025-08-26,2025-08-26 10:10:08.500,IO2512-P-5000,644.0,636.6,640.6
2025-08-26,2025-08-26 10:10:29.000,IO2512-P-5000,644.0,636.6,640.6
2025-08-26,2025-08-26 10:10:30.500,IO2512-P-5000,644.0,636.6,640.6
2025-08-26,2025-08-26 10:11:05.500,IO2512-P-5000,644.0,636.6,640.6
2025-08-26,2025-08-26 10:11:06.000,IO2512-P-5000,644.0,636.6,640.6
2025-08-26,2025-08-26 10:11:07.500,IO2512-P-5000,644.0,636.6,640.6
2025-08-26,2025-08-26 10:11:08.000,IO2512-P-5000,644.0,636.6,640.6
2025-08-26,2025-08-26 10:11:09.000,IO2512-P-5000,644.0,636.6,640.6
2025-08-26,2025-08-26 10:11:11.500,IO2512-P-5000,644.0,636.6,640.6
2025-08-26,2025-08-26 10:11:13.500,IO2512-P-5000,644.0,636.6,640.6
2025-08-26,2025-08-26 10:11:19.500,IO2512-P-5000,644.0,636.6,640.6
2025-08-26,2025-08-26 10:11:20.000,IO2512-P-5000,644.0,636.6,640.6
2025-08-26,2025-08-26 10:11:25.000,IO2512-P-5000,644.0,636.0,640.6
2025-08-26,2025-08-26 10:11:25.500,IO2512-P-5000,644.0,636.0,640.6
2025-08-26,2025-08-26 10:11:26.000,IO2512-P-5000,644.0,636.0,640.6
2025-08-26,2025-08-26 10:11:27.000,IO2512-P-5000,644.0,635.8,640.6
2025-08-26,2025-08-26 10:11:27.500,IO2512-P-5000,644.0,635.4,640.6
2025-08-26,2025-08-26 10:11:28.000,IO2512-P-5000,644.0,635.4,640.6
2025-08-26,2025-08-26 10:11:29.500,IO2512-P-5000,644.0,635.4,640.6
2025-08-26,2025-08-26 10:11:30.000,IO2512-P-5000,644.0,635.4,640.6
2025-08-26,2025-08-26 10:11:30.500,IO2512-P-5000,644.0,635.4,640.6
2025-08-26,2025-08-26 10:11:33.500,IO2512-P-5000,644.0,635.4,640.6
2025-08-26,2025-08-26 10:11:38.000,IO2512-P-5000,644.0,635.4,640.6
2025-08-26,2025-08-26 10:11:38.500,IO2512-P-5000,644.0,635.4,640.6
2025-08-26,2025-08-26 10:11:39.500,IO2512-P-5000,644.0,635.4,640.6
2025-08-26,2025-08-26 10:11:40.000,IO2512-P-5000,644.0,635.4,640.6
2025-08-26,2025-08-26 10:11:40.500,IO2512-P-5000,644.0,635.4,640.6
2025-08-26,2025-08-26 10:11:41.000,IO2512-P-5000,644.0,635.4,640.6
2025-08-26,2025-08-26 10:11:41.500,IO2512-P-5000,644.0,635.6,640.6
2025-08-26,2025-08-26 10:11:42.000,IO2512-P-5000,644.0,635.6,640.4
2025-08-26,2025-08-26 10:11:42.500,IO2512-P-5000,644.0,635.6,640.4
2025-08-26,2025-08-26 10:11:44.000,IO2512-P-5000,644.0,635.6,640.4
2025-08-26,2025-08-26 10:11:44.500,IO2512-P-5000,644.0,635.6,640.2
2025-08-26,2025-08-26 10:11:45.000,IO2512-P-5000,644.0,635.6,640.2
2025-08-26,2025-08-26 10:11:51.000,IO2512-P-5000,644.0,635.6,640.2
2025-08-26,2025-08-26 10:11:53.000,IO2512-P-5000,644.0,635.6,640.6
2025-08-26,2025-08-26 10:11:58.500,IO2512-P-5000,644.0,635.6,640.6
2025-08-26,2025-08-26 10:11:59.000,IO2512-P-5000,644.0,635.8,640.6
2025-08-26,2025-08-26 10:11:59.500,IO2512-P-5000,644.0,635.8,640.6
2025-08-26,2025-08-26 10:12:01.500,IO2512-P-5000,644.0,635.6,640.6
2025-08-26,2025-08-26 10:12:02.500,IO2512-P-5000,644.0,635.6,640.6
2025-08-26,2025-08-26 10:12:03.500,IO2512-P-5000,644.0,635.6,640.6
2025-08-26,2025-08-26 10:12:06.500,IO2512-P-5000,644.0,635.8,640.6
2025-08-26,2025-08-26 10:12:07.500,IO2512-P-5000,644.0,635.8,640.6
2025-08-26,2025-08-26 10:12:08.000,IO2512-P-5000,644.0,635.8,640.6
2025-08-26,2025-08-26 10:12:08.500,IO2512-P-5000,644.0,635.8,640.6
2025-08-26,2025-08-26 10:12:10.500,IO2512-P-5000,644.0,635.8,640.6
2025-08-26,2025-08-26 10:12:11.000,IO2512-P-5000,644.0,635.8,640.6
2025-08-26,2025-08-26 10:12:11.500,IO2512-P-5000,644.0,635.8,640.6
2025-08-26,2025-08-26 10:12:17.000,IO2512-P-5000,644.0,635.8,640.6
2025-08-26,2025-08-26 10:12:17.500,IO2512-P-5000,644.0,635.8,640.6
2025-08-26,2025-08-26 10:12:18.500,IO2512-P-5000,644.0,635.8,640.6
2025-08-26,2025-08-26 10:12:19.000,IO2512-P-5000,644.0,635.8,640.6
2025-08-26,2025-08-26 10:12:19.500,IO2512-P-5000,644.0,635.8,640.6
2025-08-26,2025-08-26 10:12:27.000,IO2512-P-5000,644.0,635.8,640.6
2025-08-26,2025-08-26 10:12:36.500,IO2512-P-5000,644.0,635.8,640.6
2025-08-26,2025-08-26 10:12:38.500,IO2512-P-5000,644.0,635.8,641.2
2025-08-26,2025-08-26 10:12:39.000,IO2512-P-5000,644.0,635.8,641.2
2025-08-26,2025-08-26 10:12:39.500,IO2512-P-5000,644.0,635.8,641.2
2025-08-26,2025-08-26 10:12:41.000,IO2512-P-5000,644.0,635.8,641.4
2025-08-26,2025-08-26 10:12:41.500,IO2512-P-5000,644.0,635.8,641.6
2025-08-26,2025-08-26 10:12:42.000,IO2512-P-5000,644.0,635.8,642.0
2025-08-26,2025-08-26 10:12:42.500,IO2512-P-5000,644.0,635.8,642.0
2025-08-26,2025-08-26 10:12:44.000,IO2512-P-5000,644.0,635.8,642.2
2025-08-26,2025-08-26 10:12:44.500,IO2512-P-5000,644.0,635.8,642.2
2025-08-26,2025-08-26 10:12:45.000,IO2512-P-5000,644.0,635.8,642.2
2025-08-26,2025-08-26 10:12:48.500,IO2512-P-5000,644.0,635.8,642.2
2025-08-26,2025-08-26 10:12:52.500,IO2512-P-5000,644.0,635.8,642.2
2025-08-26,2025-08-26 10:12:53.000,IO2512-P-5000,644.0,636.2,642.2
2025-08-26,2025-08-26 10:12:53.500,IO2512-P-5000,644.0,636.2,642.2
2025-08-26,2025-08-26 10:13:06.500,IO2512-P-5000,644.0,636.2,642.6
2025-08-26,2025-08-26 10:13:07.000,IO2512-P-5000,644.0,636.2,642.6
2025-08-26,2025-08-26 10:13:07.500,IO2512-P-5000,644.0,636.2,642.6
2025-08-26,2025-08-26 10:13:08.500,IO2512-P-5000,644.0,636.2,642.6
2025-08-26,2025-08-26 10:13:13.000,IO2512-P-5000,644.0,636.2,642.6
2025-08-26,2025-08-26 10:13:18.000,IO2512-P-5000,644.0,636.4,642.6
2025-08-26,2025-08-26 10:13:18.500,IO2512-P-5000,644.0,636.4,642.6
2025-08-26,2025-08-26 10:13:20.000,IO2512-P-5000,644.0,636.4,642.6
2025-08-26,2025-08-26 10:13:24.000,IO2512-P-5000,644.0,636.6,642.8
2025-08-26,2025-08-26 10:13:24.500,IO2512-P-5000,644.0,636.8,643.2
2025-08-26,2025-08-26 10:13:25.000,IO2512-P-5000,644.0,636.8,643.2
2025-08-26,2025-08-26 10:13:25.500,IO2512-P-5000,644.0,636.8,643.2
2025-08-26,2025-08-26 10:13:26.500,IO2512-P-5000,644.0,636.8,643.2
2025-08-26,2025-08-26 10:13:39.000,IO2512-P-5000,644.0,636.6,643.2
2025-08-26,2025-08-26 10:13:39.500,IO2512-P-5000,644.0,637.6,643.2
2025-08-26,2025-08-26 10:13:40.000,IO2512-P-5000,644.0,637.6,643.6
2025-08-26,2025-08-26 10:13:40.500,IO2512-P-5000,644.0,637.6,643.8
2025-08-26,2025-08-26 10:13:41.000,IO2512-P-5000,644.0,637.6,643.8
2025-08-26,2025-08-26 10:13:41.500,IO2512-P-5000,644.0,637.6,643.8
2025-08-26,2025-08-26 10:13:43.000,IO2512-P-5000,644.0,637.6,643.8
2025-08-26,2025-08-26 10:13:43.500,IO2512-P-5000,644.0,638.0,644.0
2025-08-26,2025-08-26 10:13:44.000,IO2512-P-5000,644.0,638.0,644.0
2025-08-26,2025-08-26 10:13:44.500,IO2512-P-5000,644.0,638.0,644.0
2025-08-26,2025-08-26 10:13:45.500,IO2512-P-5000,644.0,638.0,644.2
2025-08-26,2025-08-26 10:13:46.000,IO2512-P-5000,644.0,638.0,644.4
2025-08-26,2025-08-26 10:13:46.500,IO2512-P-5000,644.0,638.0,644.4
2025-08-26,2025-08-26 10:13:47.000,IO2512-P-5000,644.0,638.0,644.4
2025-08-26,2025-08-26 10:13:48.000,IO2512-P-5000,644.0,638.0,644.4
2025-08-26,2025-08-26 10:13:48.500,IO2512-P-5000,644.0,638.0,644.4
2025-08-26,2025-08-26 10:13:49.000,IO2512-P-5000,644.0,638.0,644.4
2025-08-26,2025-08-26 10:13:49.500,IO2512-P-5000,644.0,638.0,644.4
2025-08-26,2025-08-26 10:14:10.500,IO2512-P-5000,644.0,638.0,643.4
2025-08-26,2025-08-26 10:14:11.000,IO2512-P-5000,644.0,638.0,643.4
2025-08-26,2025-08-26 10:14:11.500,IO2512-P-5000,644.0,638.0,643.4
2025-08-26,2025-08-26 10:14:12.000,IO2512-P-5000,644.0,638.0,643.4
2025-08-26,2025-08-26 10:14:12.500,IO2512-P-5000,644.0,638.0,643.4
2025-08-26,2025-08-26 10:14:13.000,IO2512-P-5000,644.0,638.0,643.4
2025-08-26,2025-08-26 10:14:16.500,IO2512-P-5000,644.0,638.0,643.0
2025-08-26,2025-08-26 10:14:17.000,IO2512-P-5000,644.0,637.8,643.0
2025-08-26,2025-08-26 10:14:17.500,IO2512-P-5000,644.0,637.6,643.0
2025-08-26,2025-08-26 10:14:18.000,IO2512-P-5000,644.0,637.6,643.0
2025-08-26,2025-08-26 10:14:18.500,IO2512-P-5000,644.0,637.6,643.0
2025-08-26,2025-08-26 10:14:20.000,IO2512-P-5000,644.0,637.6,642.8
2025-08-26,2025-08-26 10:14:26.000,IO2512-P-5000,644.0,637.6,643.4
2025-08-26,2025-08-26 10:14:26.500,IO2512-P-5000,644.0,637.6,643.4
2025-08-26,2025-08-26 10:14:27.000,IO2512-P-5000,644.0,637.6,643.4
2025-08-26,2025-08-26 10:14:54.000,IO2512-P-5000,644.0,637.6,643.4
2025-08-26,2025-08-26 10:14:54.500,IO2512-P-5000,644.0,637.6,643.4
2025-08-26,2025-08-26 10:14:55.000,IO2512-P-5000,644.0,637.8,643.4
2025-08-26,2025-08-26 10:14:55.500,IO2512-P-5000,644.0,637.8,643.4
2025-08-26,2025-08-26 10:14:57.500,IO2512-P-5000,644.0,638.0,643.4
2025-08-26,2025-08-26 10:14:58.000,IO2512-P-5000,644.0,638.2,643.4
2025-08-26,2025-08-26 10:14:58.500,IO2512-P-5000,644.0,638.2,643.4
2025-08-26,2025-08-26 10:14:59.000,IO2512-P-5000,644.0,638.2,643.4
2025-08-26,2025-08-26 10:15:00.000,IO2512-P-5000,644.0,638.2,643.6
2025-08-26,2025-08-26 10:15:00.500,IO2512-P-5000,644.0,638.2,643.6
2025-08-26,2025-08-26 10:15:05.000,IO2512-P-5000,644.0,638.2,644.2
2025-08-26,2025-08-26 10:15:05.500,IO2512-P-5000,644.0,639.0,644.2
2025-08-26,2025-08-26 10:15:06.000,IO2512-P-5000,644.0,639.0,644.2
2025-08-26,2025-08-26 10:15:06.500,IO2512-P-5000,644.0,639.0,644.2
2025-08-26,2025-08-26 10:15:07.000,IO2512-P-5000,644.0,639.4,645.0
2025-08-26,2025-08-26 10:15:07.500,IO2512-P-5000,644.0,639.4,645.0
2025-08-26,2025-08-26 10:15:08.000,IO2512-P-5000,644.0,639.4,645.0
2025-08-26,2025-08-26 10:15:11.000,IO2512-P-5000,644.0,639.4,645.0
2025-08-26,2025-08-26 10:15:13.500,IO2512-P-5000,644.0,639.4,644.8
2025-08-26,2025-08-26 10:15:23.500,IO2512-P-5000,644.0,639.4,644.8
2025-08-26,2025-08-26 10:15:24.000,IO2512-P-5000,644.0,639.4,644.8
2025-08-26,2025-08-26 10:15:31.500,IO2512-P-5000,644.0,639.4,644.8
2025-08-26,2025-08-26 10:15:49.000,IO2512-P-5000,644.0,639.4,645.0
2025-08-26,2025-08-26 10:16:04.000,IO2512-P-5000,644.0,639.2,645.0
2025-08-26,2025-08-26 10:16:04.500,IO2512-P-5000,644.0,639.6,645.0
2025-08-26,2025-08-26 10:16:09.000,IO2512-P-5000,644.0,639.6,644.8
2025-08-26,2025-08-26 10:16:09.500,IO2512-P-5000,644.0,639.2,644.8
2025-08-26,2025-08-26 10:16:11.000,IO2512-P-5000,644.0,639.0,644.8
2025-08-26,2025-08-26 10:16:11.500,IO2512-P-5000,644.0,639.0,644.8
2025-08-26,2025-08-26 10:16:12.000,IO2512-P-5000,644.0,639.0,644.8
2025-08-26,2025-08-26 10:16:18.500,IO2512-P-5000,644.0,639.0,644.8
2025-08-26,2025-08-26 10:16:24.000,IO2512-P-5000,644.0,639.0,644.6
2025-08-26,2025-08-26 10:16:24.500,IO2512-P-5000,644.0,639.0,644.6
2025-08-26,2025-08-26 10:16:56.500,IO2512-P-5000,644.0,638.8,644.0
2025-08-26,2025-08-26 10:16:57.000,IO2512-P-5000,644.0,638.8,644.0
2025-08-26,2025-08-26 10:16:57.500,IO2512-P-5000,644.0,638.8,644.0
2025-08-26,2025-08-26 10:17:10.500,IO2512-P-5000,644.0,638.8,644.0
2025-08-26,2025-08-26 10:17:11.000,IO2512-P-5000,644.0,638.8,645.0
2025-08-26,2025-08-26 10:17:11.500,IO2512-P-5000,644.0,639.0,645.0
2025-08-26,2025-08-26 10:17:12.000,IO2512-P-5000,644.0,639.0,645.0
2025-08-26,2025-08-26 10:17:12.500,IO2512-P-5000,644.0,639.0,645.0
2025-08-26,2025-08-26 10:17:14.500,IO2512-P-5000,644.0,639.0,645.0
2025-08-26,2025-08-26 10:17:15.000,IO2512-P-5000,644.0,639.2,645.0
2025-08-26,2025-08-26 10:17:15.500,IO2512-P-5000,644.0,639.2,645.0
2025-08-26,2025-08-26 10:17:16.000,IO2512-P-5000,644.0,639.2,645.0
2025-08-26,2025-08-26 10:17:31.000,IO2512-P-5000,644.0,639.2,645.0
2025-08-26,2025-08-26 10:17:34.000,IO2512-P-5000,644.0,639.2,645.0
2025-08-26,2025-08-26 10:17:34.500,IO2512-P-5000,644.0,639.6,645.0
2025-08-26,2025-08-26 10:17:35.000,IO2512-P-5000,644.0,639.8,645.0
2025-08-26,2025-08-26 10:17:36.000,IO2512-P-5000,644.0,639.8,645.0
2025-08-26,2025-08-26 10:17:37.000,IO2512-P-5000,644.0,639.8,645.2
2025-08-26,2025-08-26 10:17:39.000,IO2512-P-5000,644.0,639.8,645.4
2025-08-26,2025-08-26 10:17:39.500,IO2512-P-5000,644.0,639.8,645.4
2025-08-26,2025-08-26 10:17:40.000,IO2512-P-5000,644.0,639.8,645.4
2025-08-26,2025-08-26 10:17:40.500,IO2512-P-5000,644.0,639.8,645.4
2025-08-26,2025-08-26 10:18:06.000,IO2512-P-5000,644.0,639.8,645.4
2025-08-26,2025-08-26 10:18:29.500,IO2512-P-5000,644.0,639.8,645.4
2025-08-26,2025-08-26 10:18:30.000,IO2512-P-5000,644.0,639.8,645.4
2025-08-26,2025-08-26 10:18:30.500,IO2512-P-5000,644.0,639.8,645.6
2025-08-26,2025-08-26 10:18:31.000,IO2512-P-5000,644.0,639.8,645.8
2025-08-26,2025-08-26 10:18:31.500,IO2512-P-5000,644.0,639.8,645.8
2025-08-26,2025-08-26 10:18:32.000,IO2512-P-5000,644.0,639.8,645.8
2025-08-26,2025-08-26 10:18:33.000,IO2512-P-5000,644.0,639.8,646.0
2025-08-26,2025-08-26 10:18:33.500,IO2512-P-5000,644.0,639.8,646.0
2025-08-26,2025-08-26 10:18:34.000,IO2512-P-5000,644.0,639.8,646.4
2025-08-26,2025-08-26 10:18:34.500,IO2512-P-5000,644.0,639.8,646.4
2025-08-26,2025-08-26 10:18:35.000,IO2512-P-5000,644.0,639.8,646.4
2025-08-26,2025-08-26 10:18:36.000,IO2512-P-5000,644.0,639.8,646.4
2025-08-26,2025-08-26 10:18:36.500,IO2512-P-5000,644.0,639.8,646.4
2025-08-26,2025-08-26 10:18:37.000,IO2512-P-5000,644.0,640.0,646.4
2025-08-26,2025-08-26 10:18:37.500,IO2512-P-5000,644.0,640.0,646.4
2025-08-26,2025-08-26 10:18:39.000,IO2512-P-5000,644.0,640.0,646.4
2025-08-26,2025-08-26 10:18:43.500,IO2512-P-5000,644.0,640.8,646.4
2025-08-26,2025-08-26 10:18:44.000,IO2512-P-5000,644.0,640.8,646.6
2025-08-26,2025-08-26 10:18:44.500,IO2512-P-5000,644.0,640.8,646.6
2025-08-26,2025-08-26 10:18:45.000,IO2512-P-5000,644.0,640.8,646.6
2025-08-26,2025-08-26 10:18:45.500,IO2512-P-5000,644.0,640.8,646.6
2025-08-26,2025-08-26 10:18:46.000,IO2512-P-5000,644.0,640.8,646.6
2025-08-26,2025-08-26 10:18:46.500,IO2512-P-5000,644.0,640.8,646.6
2025-08-26,2025-08-26 10:18:47.000,IO2512-P-5000,644.0,640.8,646.6
2025-08-26,2025-08-26 10:19:03.000,IO2512-P-5000,644.0,640.8,646.6
2025-08-26,2025-08-26 10:19:16.500,IO2512-P-5000,644.0,640.8,646.6
2025-08-26,2025-08-26 10:19:17.000,IO2512-P-5000,644.0,640.8,646.6
2025-08-26,2025-08-26 10:19:29.000,IO2512-P-5000,644.0,640.8,646.6
2025-08-26,2025-08-26 10:19:29.500,IO2512-P-5000,644.0,640.8,645.0
2025-08-26,2025-08-26 10:19:30.000,IO2512-P-5000,644.0,640.0,644.8
2025-08-26,2025-08-26 10:19:30.500,IO2512-P-5000,644.0,640.0,645.0
2025-08-26,2025-08-26 10:19:31.000,IO2512-P-5000,644.0,640.0,645.0
2025-08-26,2025-08-26 10:19:32.000,IO2512-P-5000,644.0,639.6,645.0
2025-08-26,2025-08-26 10:19:32.500,IO2512-P-5000,644.0,639.6,645.0
2025-08-26,2025-08-26 10:19:46.500,IO2512-P-5000,644.0,639.6,645.0
2025-08-26,2025-08-26 10:19:48.000,IO2512-P-5000,644.0,639.6,645.0
2025-08-26,2025-08-26 10:19:48.500,IO2512-P-5000,644.0,639.6,645.2
2025-08-26,2025-08-26 10:19:49.000,IO2512-P-5000,644.0,639.6,645.2
2025-08-26,2025-08-26 10:19:49.500,IO2512-P-5000,644.0,639.6,645.0
2025-08-26,2025-08-26 10:19:50.500,IO2512-P-5000,644.0,639.6,644.8
2025-08-26,2025-08-26 10:19:57.000,IO2512-P-5000,644.0,639.6,645.2
2025-08-26,2025-08-26 10:20:01.500,IO2512-P-5000,644.0,639.6,645.2
2025-08-26,2025-08-26 10:20:02.000,IO2512-P-5000,644.0,639.6,644.8
2025-08-26,2025-08-26 10:20:02.500,IO2512-P-5000,644.0,639.6,644.8
2025-08-26,2025-08-26 10:20:03.000,IO2512-P-5000,644.0,639.6,644.8
2025-08-26,2025-08-26 10:20:33.000,IO2512-P-5000,644.0,639.6,645.2
2025-08-26,2025-08-26 10:20:33.500,IO2512-P-5000,644.0,639.8,645.2
2025-08-26,2025-08-26 10:20:34.500,IO2512-P-5000,644.0,639.8,645.2
2025-08-26,2025-08-26 10:20:35.000,IO2512-P-5000,644.0,639.8,645.2
2025-08-26,2025-08-26 10:20:37.500,IO2512-P-5000,644.0,639.8,645.8
2025-08-26,2025-08-26 10:20:39.000,IO2512-P-5000,644.0,639.8,645.8
2025-08-26,2025-08-26 10:20:39.500,IO2512-P-5000,644.0,640.2,645.8
2025-08-26,2025-08-26 10:20:40.000,IO2512-P-5000,644.0,640.4,646.0
2025-08-26,2025-08-26 10:20:40.500,IO2512-P-5000,644.0,640.4,646.2
2025-08-26,2025-08-26 10:20:41.000,IO2512-P-5000,644.0,640.4,646.2
2025-08-26,2025-08-26 10:20:42.500,IO2512-P-5000,644.0,640.4,646.2
2025-08-26,2025-08-26 10:20:43.000,IO2512-P-5000,644.0,640.4,646.2
2025-08-26,2025-08-26 10:20:43.500,IO2512-P-5000,644.0,640.4,646.2
2025-08-26,2025-08-26 10:20:44.000,IO2512-P-5000,644.0,640.4,646.2
2025-08-26,2025-08-26 10:20:53.000,IO2512-P-5000,644.0,640.4,646.2
2025-08-26,2025-08-26 10:20:53.500,IO2512-P-5000,644.0,640.8,646.2
2025-08-26,2025-08-26 10:20:54.000,IO2512-P-5000,644.0,640.8,646.2
2025-08-26,2025-08-26 10:20:57.000,IO2512-P-5000,644.0,640.8,646.2
2025-08-26,2025-08-26 10:20:57.500,IO2512-P-5000,644.0,640.8,646.2
2025-08-26,2025-08-26 10:21:00.500,IO2512-P-5000,644.0,640.8,646.2
2025-08-26,2025-08-26 10:21:01.000,IO2512-P-5000,644.0,641.4,646.4
2025-08-26,2025-08-26 10:21:01.500,IO2512-P-5000,644.0,641.8,646.6
2025-08-26,2025-08-26 10:21:02.000,IO2512-P-5000,644.0,641.8,646.8
2025-08-26,2025-08-26 10:21:02.500,IO2512-P-5000,644.0,642.0,647.6
2025-08-26,2025-08-26 10:21:03.000,IO2512-P-5000,644.0,642.0,647.6
2025-08-26,2025-08-26 10:21:03.500,IO2512-P-5000,644.0,642.2,647.6
2025-08-26,2025-08-26 10:21:04.000,IO2512-P-5000,644.0,642.2,647.6
2025-08-26,2025-08-26 10:21:04.500,IO2512-P-5000,644.0,642.4,647.6
2025-08-26,2025-08-26 10:21:05.000,IO2512-P-5000,644.0,642.8,648.0
2025-08-26,2025-08-26 10:21:05.500,IO2512-P-5000,644.0,642.8,648.0
2025-08-26,2025-08-26 10:21:06.000,IO2512-P-5000,644.0,642.8,648.0
2025-08-26,2025-08-26 10:21:06.500,IO2512-P-5000,644.0,642.8,648.6
2025-08-26,2025-08-26 10:21:07.000,IO2512-P-5000,644.0,642.8,648.6
2025-08-26,2025-08-26 10:21:07.500,IO2512-P-5000,644.0,642.8,648.6
2025-08-26,2025-08-26 10:21:08.000,IO2512-P-5000,644.0,642.8,648.6
2025-08-26,2025-08-26 10:21:08.500,IO2512-P-5000,644.0,642.8,648.8
2025-08-26,2025-08-26 10:21:09.000,IO2512-P-5000,644.0,642.8,648.8
2025-08-26,2025-08-26 10:21:10.000,IO2512-P-5000,644.0,642.8,647.8
2025-08-26,2025-08-26 10:21:10.500,IO2512-P-5000,644.0,642.8,648.2
2025-08-26,2025-08-26 10:21:13.000,IO2512-P-5000,644.0,642.8,647.8
2025-08-26,2025-08-26 10:21:13.500,IO2512-P-5000,644.0,642.8,647.6
2025-08-26,2025-08-26 10:21:14.000,IO2512-P-5000,644.0,642.8,647.6
2025-08-26,2025-08-26 10:21:15.500,IO2512-P-5000,644.0,642.6,647.6
2025-08-26,2025-08-26 10:21:16.500,IO2512-P-5000,644.0,642.6,647.8
2025-08-26,2025-08-26 10:21:17.000,IO2512-P-5000,644.0,642.6,647.8
2025-08-26,2025-08-26 10:21:44.500,IO2512-P-5000,644.0,642.6,648.0
2025-08-26,2025-08-26 10:21:52.500,IO2512-P-5000,644.0,642.6,648.0
2025-08-26,2025-08-26 10:21:53.000,IO2512-P-5000,644.0,642.6,649.0
2025-08-26,2025-08-26 10:21:53.500,IO2512-P-5000,644.0,642.6,649.0
2025-08-26,2025-08-26 10:21:54.500,IO2512-P-5000,644.0,642.4,649.0
2025-08-26,2025-08-26 10:21:55.000,IO2512-P-5000,644.0,642.4,649.0
2025-08-26,2025-08-26 10:21:55.500,IO2512-P-5000,644.0,642.4,649.0
2025-08-26,2025-08-26 10:22:10.000,IO2512-P-5000,644.0,642.4,649.0
2025-08-26,2025-08-26 10:22:13.000,IO2512-P-5000,644.0,642.4,649.0
2025-08-26,2025-08-26 10:22:13.500,IO2512-P-5000,644.0,642.4,649.0
2025-08-26,2025-08-26 10:22:14.000,IO2512-P-5000,644.0,642.4,649.0
2025-08-26,2025-08-26 10:23:02.000,IO2512-P-5000,644.0,642.4,649.0
2025-08-26,2025-08-26 10:23:02.500,IO2512-P-5000,644.0,642.2,647.6
2025-08-26,2025-08-26 10:23:03.000,IO2512-P-5000,644.0,642.0,647.4
2025-08-26,2025-08-26 10:23:03.500,IO2512-P-5000,644.0,642.0,647.4
2025-08-26,2025-08-26 10:23:05.000,IO2512-P-5000,644.0,642.0,647.4
2025-08-26,2025-08-26 10:23:05.500,IO2512-P-5000,644.0,642.0,647.4
2025-08-26,2025-08-26 10:23:09.500,IO2512-P-5000,644.0,642.0,647.6
2025-08-26,2025-08-26 10:23:10.000,IO2512-P-5000,644.0,642.0,647.6
2025-08-26,2025-08-26 10:23:13.000,IO2512-P-5000,644.0,642.0,647.4
2025-08-26,2025-08-26 10:23:13.500,IO2512-P-5000,644.0,642.0,647.4
2025-08-26,2025-08-26 10:23:14.000,IO2512-P-5000,644.0,642.0,647.4
2025-08-26,2025-08-26 10:23:16.000,IO2512-P-5000,644.0,642.0,647.6
2025-08-26,2025-08-26 10:23:16.500,IO2512-P-5000,644.0,642.0,647.6
2025-08-26,2025-08-26 10:23:17.000,IO2512-P-5000,644.0,642.0,647.6
2025-08-26,2025-08-26 10:23:21.000,IO2512-P-5000,644.0,642.0,647.4
2025-08-26,2025-08-26 10:23:21.500,IO2512-P-5000,644.0,642.0,647.4
2025-08-26,2025-08-26 10:23:22.000,IO2512-P-5000,644.0,642.0,647.4
2025-08-26,2025-08-26 10:23:24.500,IO2512-P-5000,644.0,642.0,647.6
2025-08-26,2025-08-26 10:23:29.500,IO2512-P-5000,644.0,642.0,647.4
2025-08-26,2025-08-26 10:24:09.000,IO2512-P-5000,644.0,642.0,646.8
2025-08-26,2025-08-26 10:24:28.000,IO2512-P-5000,644.0,642.0,647.6
2025-08-26,2025-08-26 10:24:58.000,IO2512-P-5000,644.0,642.0,647.6
2025-08-26,2025-08-26 10:24:58.500,IO2512-P-5000,644.0,642.0,647.6
2025-08-26,2025-08-26 10:25:02.500,IO2512-P-5000,644.0,642.0,647.6
2025-08-26,2025-08-26 10:25:03.000,IO2512-P-5000,644.0,642.6,648.2
2025-08-26,2025-08-26 10:25:03.500,IO2512-P-5000,644.0,642.6,648.6
2025-08-26,2025-08-26 10:25:04.000,IO2512-P-5000,644.0,642.6,648.6
2025-08-26,2025-08-26 10:25:04.500,IO2512-P-5000,644.0,642.6,648.6
2025-08-26,2025-08-26 10:25:05.000,IO2512-P-5000,644.0,642.8,648.6
2025-08-26,2025-08-26 10:25:05.500,IO2512-P-5000,644.0,642.8,648.6
2025-08-26,2025-08-26 10:25:08.500,IO2512-P-5000,644.0,642.8,648.6
2025-08-26,2025-08-26 10:25:09.000,IO2512-P-5000,644.0,642.8,648.4
2025-08-26,2025-08-26 10:25:09.500,IO2512-P-5000,644.0,642.8,648.0
2025-08-26,2025-08-26 10:25:11.000,IO2512-P-5000,644.0,642.8,648.0
2025-08-26,2025-08-26 10:25:11.500,IO2512-P-5000,644.0,642.8,647.8
2025-08-26,2025-08-26 10:25:12.000,IO2512-P-5000,644.0,642.8,647.8
2025-08-26,2025-08-26 10:25:12.500,IO2512-P-5000,644.0,642.8,647.8
2025-08-26,2025-08-26 10:25:21.000,IO2512-P-5000,644.0,642.8,647.8
2025-08-26,2025-08-26 10:25:21.500,IO2512-P-5000,644.0,642.8,648.8
2025-08-26,2025-08-26 10:25:22.000,IO2512-P-5000,644.0,642.8,648.8
2025-08-26,2025-08-26 10:25:23.500,IO2512-P-5000,644.0,642.8,648.8
2025-08-26,2025-08-26 10:25:24.000,IO2512-P-5000,644.0,642.8,648.8
2025-08-26,2025-08-26 10:25:50.500,IO2512-P-5000,644.0,642.8,648.8
2025-08-26,2025-08-26 10:25:51.000,IO2512-P-5000,644.0,643.0,648.8
2025-08-26,2025-08-26 10:25:51.500,IO2512-P-5000,644.0,643.0,648.8
2025-08-26,2025-08-26 10:26:01.000,IO2512-P-5000,644.0,643.0,648.8
2025-08-26,2025-08-26 10:26:01.500,IO2512-P-5000,644.0,643.6,649.2
2025-08-26,2025-08-26 10:26:02.000,IO2512-P-5000,644.0,643.6,649.2
2025-08-26,2025-08-26 10:26:02.500,IO2512-P-5000,644.0,643.6,649.2
2025-08-26,2025-08-26 10:26:03.000,IO2512-P-5000,644.0,643.8,649.2
2025-08-26,2025-08-26 10:26:03.500,IO2512-P-5000,644.0,644.2,649.6
2025-08-26,2025-08-26 10:26:04.000,IO2512-P-5000,644.0,644.2,649.8
2025-08-26,2025-08-26 10:26:04.500,IO2512-P-5000,644.0,644.2,649.8
2025-08-26,2025-08-26 10:26:06.000,IO2512-P-5000,644.0,644.2,650.0
2025-08-26,2025-08-26 10:26:06.500,IO2512-P-5000,644.0,644.2,650.0
2025-08-26,2025-08-26 10:26:07.000,IO2512-P-5000,644.0,644.2,650.0
2025-08-26,2025-08-26 10:26:07.500,IO2512-P-5000,644.0,644.2,650.2
2025-08-26,2025-08-26 10:26:08.000,IO2512-P-5000,644.0,644.2,650.2
2025-08-26,2025-08-26 10:26:19.000,IO2512-P-5000,644.0,644.4,650.4
2025-08-26,2025-08-26 10:26:19.500,IO2512-P-5000,644.0,644.4,650.4
2025-08-26,2025-08-26 10:26:20.000,IO2512-P-5000,644.0,644.8,650.4
2025-08-26,2025-08-26 10:26:20.500,IO2512-P-5000,644.0,644.8,650.4
2025-08-26,2025-08-26 10:26:21.000,IO2512-P-5000,644.0,644.8,651.0
2025-08-26,2025-08-26 10:26:21.500,IO2512-P-5000,644.0,644.8,651.2
2025-08-26,2025-08-26 10:26:22.000,IO2512-P-5000,644.0,644.8,651.2
2025-08-26,2025-08-26 10:26:22.500,IO2512-P-5000,644.0,644.8,651.2
2025-08-26,2025-08-26 10:26:23.500,IO2512-P-5000,644.0,644.8,650.6
2025-08-26,2025-08-26 10:26:24.000,IO2512-P-5000,644.0,644.8,650.6
2025-08-26,2025-08-26 10:26:35.000,IO2512-P-5000,644.0,644.8,651.2
2025-08-26,2025-08-26 10:26:35.500,IO2512-P-5000,644.0,644.8,651.2
2025-08-26,2025-08-26 10:26:36.000,IO2512-P-5000,644.0,644.8,651.2
2025-08-26,2025-08-26 10:26:36.500,IO2512-P-5000,644.0,644.8,651.2
2025-08-26,2025-08-26 10:26:38.000,IO2512-P-5000,644.0,644.8,651.2
2025-08-26,2025-08-26 10:26:38.500,IO2512-P-5000,644.0,645.4,651.2
2025-08-26,2025-08-26 10:26:39.000,IO2512-P-5000,644.0,645.4,651.2
2025-08-26,2025-08-26 10:26:47.500,IO2512-P-5000,644.0,645.4,651.4
2025-08-26,2025-08-26 10:26:48.000,IO2512-P-5000,644.0,645.4,651.8
2025-08-26,2025-08-26 10:26:48.500,IO2512-P-5000,644.0,645.4,651.8
2025-08-26,2025-08-26 10:26:49.000,IO2512-P-5000,644.0,645.4,651.8
2025-08-26,2025-08-26 10:26:50.000,IO2512-P-5000,644.0,645.4,651.8
2025-08-26,2025-08-26 10:26:54.000,IO2512-P-5000,644.0,645.4,651.8
2025-08-26,2025-08-26 10:26:54.500,IO2512-P-5000,644.0,645.8,651.8
2025-08-26,2025-08-26 10:27:23.500,IO2512-P-5000,644.0,645.8,651.8
2025-08-26,2025-08-26 10:27:51.500,IO2512-P-5000,644.0,645.8,650.6
2025-08-26,2025-08-26 10:27:52.000,IO2512-P-5000,644.0,645.8,650.6
2025-08-26,2025-08-26 10:27:52.500,IO2512-P-5000,644.0,645.8,650.6
2025-08-26,2025-08-26 10:27:53.000,IO2512-P-5000,644.0,645.8,650.4
2025-08-26,2025-08-26 10:27:53.500,IO2512-P-5000,644.0,645.4,650.4
2025-08-26,2025-08-26 10:27:54.000,IO2512-P-5000,644.0,645.4,650.4
2025-08-26,2025-08-26 10:27:54.500,IO2512-P-5000,644.0,644.6,650.4
2025-08-26,2025-08-26 10:27:55.000,IO2512-P-5000,644.0,644.6,650.4
2025-08-26,2025-08-26 10:27:56.500,IO2512-P-5000,644.0,644.6,650.4
2025-08-26,2025-08-26 10:27:57.000,IO2512-P-5000,644.0,644.6,650.4
2025-08-26,2025-08-26 10:27:57.500,IO2512-P-5000,644.0,644.6,650.4
2025-08-26,2025-08-26 10:27:58.000,IO2512-P-5000,644.0,644.6,649.6
2025-08-26,2025-08-26 10:27:58.500,IO2512-P-5000,644.0,644.6,649.6
2025-08-26,2025-08-26 10:28:01.500,IO2512-P-5000,644.0,644.6,649.6
2025-08-26,2025-08-26 10:28:02.000,IO2512-P-5000,644.0,644.6,649.6
2025-08-26,2025-08-26 10:28:02.500,IO2512-P-5000,644.0,644.6,649.6
2025-08-26,2025-08-26 10:28:03.000,IO2512-P-5000,644.0,644.6,649.6
2025-08-26,2025-08-26 10:28:08.500,IO2512-P-5000,644.0,644.6,649.2
2025-08-26,2025-08-26 10:28:09.000,IO2512-P-5000,644.0,644.6,649.2
2025-08-26,2025-08-26 10:28:09.500,IO2512-P-5000,644.0,644.6,649.4
2025-08-26,2025-08-26 10:28:12.000,IO2512-P-5000,644.0,644.6,649.2
2025-08-26,2025-08-26 10:28:13.000,IO2512-P-5000,644.0,644.6,649.2
2025-08-26,2025-08-26 10:28:14.500,IO2512-P-5000,644.0,644.6,649.2
2025-08-26,2025-08-26 10:28:15.000,IO2512-P-5000,644.0,644.4,649.2
2025-08-26,2025-08-26 10:28:15.500,IO2512-P-5000,644.0,644.0,649.2
2025-08-26,2025-08-26 10:28:16.000,IO2512-P-5000,644.0,643.8,649.2
2025-08-26,2025-08-26 10:28:16.500,IO2512-P-5000,644.0,643.8,649.2
2025-08-26,2025-08-26 10:28:17.000,IO2512-P-5000,644.0,643.8,649.2
2025-08-26,2025-08-26 10:28:18.000,IO2512-P-5000,644.0,643.4,649.2
2025-08-26,2025-08-26 10:28:18.500,IO2512-P-5000,644.0,642.6,649.2
2025-08-26,2025-08-26 10:28:19.000,IO2512-P-5000,644.0,642.6,649.2
2025-08-26,2025-08-26 10:28:19.500,IO2512-P-5000,644.0,642.6,649.2
2025-08-26,2025-08-26 10:28:20.500,IO2512-P-5000,644.0,642.4,649.2
2025-08-26,2025-08-26 10:28:21.000,IO2512-P-5000,644.0,642.4,649.2
2025-08-26,2025-08-26 10:28:21.500,IO2512-P-5000,644.0,642.4,649.2
2025-08-26,2025-08-26 10:28:23.500,IO2512-P-5000,644.0,642.4,649.2
2025-08-26,2025-08-26 10:28:24.000,IO2512-P-5000,644.0,642.4,649.2
2025-08-26,2025-08-26 10:28:24.500,IO2512-P-5000,644.0,642.4,649.2
2025-08-26,2025-08-26 10:28:25.500,IO2512-P-5000,644.0,642.4,648.0
2025-08-26,2025-08-26 10:28:26.000,IO2512-P-5000,644.0,642.2,647.8
2025-08-26,2025-08-26 10:28:26.500,IO2512-P-5000,644.0,642.2,647.8
2025-08-26,2025-08-26 10:28:27.000,IO2512-P-5000,644.0,642.2,647.8
2025-08-26,2025-08-26 10:28:27.500,IO2512-P-5000,644.0,642.2,647.8
