tradingdate,tradingtime,symbol,lastprice,buyprice01,sellprice01
2025-08-01,2025-08-01 09:29:00.000,IO2508-P-3650,2.2,0.8,2.6
2025-08-01,2025-08-01 09:30:00.500,IO2508-P-3650,2.2,1.6,2.6
2025-08-01,2025-08-01 09:30:01.000,IO2508-P-3650,2.2,1.8,2.6
2025-08-01,2025-08-01 09:30:02.000,IO2508-P-3650,2.2,1.8,2.6
2025-08-01,2025-08-01 09:30:02.500,IO2508-P-3650,2.2,1.0,2.6
2025-08-01,2025-08-01 09:30:03.000,IO2508-P-3650,2.2,1.0,2.6
2025-08-01,2025-08-01 09:30:09.000,IO2508-P-3650,2.2,1.2,2.4
2025-08-01,2025-08-01 09:30:09.500,IO2508-P-3650,2.2,1.4,2.4
2025-08-01,2025-08-01 09:30:10.000,IO2508-P-3650,2.2,1.6,2.4
2025-08-01,2025-08-01 09:30:10.500,IO2508-P-3650,2.2,1.8,2.4
2025-08-01,2025-08-01 09:30:11.000,IO2508-P-3650,2.2,1.8,2.4
2025-08-01,2025-08-01 09:30:11.500,IO2508-P-3650,2.2,1.8,2.4
2025-08-01,2025-08-01 09:30:12.500,IO2508-P-3650,2.2,1.8,2.4
2025-08-01,2025-08-01 09:30:13.000,IO2508-P-3650,2.2,1.8,2.4
2025-08-01,2025-08-01 09:30:13.500,IO2508-P-3650,2.2,1.8,2.4
2025-08-01,2025-08-01 09:30:14.500,IO2508-P-3650,2.2,1.8,2.4
2025-08-01,2025-08-01 09:30:16.000,IO2508-P-3650,2.2,2.0,2.4
2025-08-01,2025-08-01 09:30:16.500,IO2508-P-3650,2.2,2.0,2.4
2025-08-01,2025-08-01 09:30:17.000,IO2508-P-3650,2.2,2.0,2.4
2025-08-01,2025-08-01 09:30:17.500,IO2508-P-3650,2.2,2.0,2.4
2025-08-01,2025-08-01 09:30:18.000,IO2508-P-3650,2.2,2.0,2.4
2025-08-01,2025-08-01 09:30:18.500,IO2508-P-3650,2.2,2.0,2.4
2025-08-01,2025-08-01 09:30:21.000,IO2508-P-3650,2.2,2.0,2.4
2025-08-01,2025-08-01 09:30:23.000,IO2508-P-3650,2.2,2.0,2.4
2025-08-01,2025-08-01 09:30:24.000,IO2508-P-3650,2.2,2.0,2.4
2025-08-01,2025-08-01 09:30:24.500,IO2508-P-3650,2.2,2.0,2.4
2025-08-01,2025-08-01 09:30:25.500,IO2508-P-3650,2.2,2.0,2.4
2025-08-01,2025-08-01 09:30:26.000,IO2508-P-3650,2.2,2.0,2.4
2025-08-01,2025-08-01 09:30:26.500,IO2508-P-3650,2.2,2.0,2.4
2025-08-01,2025-08-01 09:30:27.000,IO2508-P-3650,2.2,2.0,2.4
2025-08-01,2025-08-01 09:30:27.500,IO2508-P-3650,2.2,2.0,2.4
2025-08-01,2025-08-01 09:30:28.000,IO2508-P-3650,2.2,2.0,2.4
2025-08-01,2025-08-01 09:30:28.500,IO2508-P-3650,2.2,2.0,2.4
2025-08-01,2025-08-01 09:30:29.000,IO2508-P-3650,2.2,2.0,2.4
2025-08-01,2025-08-01 09:30:36.500,IO2508-P-3650,2.2,2.2,2.4
2025-08-01,2025-08-01 09:30:37.000,IO2508-P-3650,2.2,2.2,2.4
2025-08-01,2025-08-01 09:30:38.500,IO2508-P-3650,2.2,2.2,2.4
2025-08-01,2025-08-01 09:30:40.000,IO2508-P-3650,2.2,2.0,2.4
2025-08-01,2025-08-01 09:30:40.500,IO2508-P-3650,2.2,2.0,2.4
2025-08-01,2025-08-01 09:30:41.000,IO2508-P-3650,2.2,2.0,2.4
2025-08-01,2025-08-01 09:30:41.500,IO2508-P-3650,2.2,2.0,2.4
2025-08-01,2025-08-01 09:30:42.000,IO2508-P-3650,2.2,2.0,2.4
2025-08-01,2025-08-01 09:30:42.500,IO2508-P-3650,2.2,2.0,2.4
2025-08-01,2025-08-01 09:30:45.000,IO2508-P-3650,2.2,2.0,2.4
2025-08-01,2025-08-01 09:30:50.000,IO2508-P-3650,2.2,2.0,2.4
2025-08-01,2025-08-01 09:30:53.500,IO2508-P-3650,2.2,2.0,2.4
2025-08-01,2025-08-01 09:30:54.500,IO2508-P-3650,2.2,2.0,2.4
2025-08-01,2025-08-01 09:30:55.000,IO2508-P-3650,2.2,2.0,2.4
2025-08-01,2025-08-01 09:30:57.000,IO2508-P-3650,2.2,2.0,2.4
2025-08-01,2025-08-01 09:30:57.500,IO2508-P-3650,2.2,2.0,2.4
2025-08-01,2025-08-01 09:30:58.000,IO2508-P-3650,2.2,2.0,2.4
2025-08-01,2025-08-01 09:30:58.500,IO2508-P-3650,2.2,2.0,2.4
2025-08-01,2025-08-01 09:30:59.000,IO2508-P-3650,2.2,2.0,2.4
2025-08-01,2025-08-01 09:30:59.500,IO2508-P-3650,2.2,2.0,2.4
2025-08-01,2025-08-01 09:31:00.000,IO2508-P-3650,2.2,2.0,2.4
2025-08-01,2025-08-01 09:31:00.500,IO2508-P-3650,2.2,2.0,2.4
2025-08-01,2025-08-01 09:31:01.000,IO2508-P-3650,2.2,2.0,2.4
2025-08-01,2025-08-01 09:31:03.000,IO2508-P-3650,2.2,2.0,2.4
2025-08-01,2025-08-01 09:31:03.500,IO2508-P-3650,2.2,2.0,2.4
2025-08-01,2025-08-01 09:31:04.000,IO2508-P-3650,2.2,2.0,2.4
2025-08-01,2025-08-01 09:31:04.500,IO2508-P-3650,2.2,2.0,2.4
2025-08-01,2025-08-01 09:31:05.000,IO2508-P-3650,2.2,2.0,2.4
2025-08-01,2025-08-01 09:31:05.500,IO2508-P-3650,2.2,2.0,2.4
2025-08-01,2025-08-01 09:31:06.000,IO2508-P-3650,2.2,2.0,2.4
2025-08-01,2025-08-01 09:31:06.500,IO2508-P-3650,2.2,2.0,2.4
2025-08-01,2025-08-01 09:31:07.000,IO2508-P-3650,2.2,2.0,2.4
2025-08-01,2025-08-01 09:31:07.500,IO2508-P-3650,2.2,2.0,2.4
2025-08-01,2025-08-01 09:31:08.000,IO2508-P-3650,2.2,2.0,2.4
2025-08-01,2025-08-01 09:31:08.500,IO2508-P-3650,2.2,2.0,2.4
2025-08-01,2025-08-01 09:31:09.000,IO2508-P-3650,2.2,2.0,2.4
2025-08-01,2025-08-01 09:31:25.000,IO2508-P-3650,2.2,2.0,2.4
2025-08-01,2025-08-01 09:31:25.500,IO2508-P-3650,2.2,2.0,2.4
2025-08-01,2025-08-01 09:31:30.000,IO2508-P-3650,2.2,2.0,2.4
2025-08-01,2025-08-01 09:31:31.500,IO2508-P-3650,2.2,2.0,2.4
2025-08-01,2025-08-01 09:31:32.000,IO2508-P-3650,2.2,2.0,2.4
2025-08-01,2025-08-01 09:31:36.500,IO2508-P-3650,2.2,2.0,2.4
2025-08-01,2025-08-01 09:31:37.000,IO2508-P-3650,2.2,2.0,2.4
2025-08-01,2025-08-01 09:31:41.500,IO2508-P-3650,2.2,2.0,2.4
2025-08-01,2025-08-01 09:31:53.500,IO2508-P-3650,2.2,2.0,2.4
2025-08-01,2025-08-01 09:31:57.500,IO2508-P-3650,2.2,2.0,2.4
2025-08-01,2025-08-01 09:31:59.500,IO2508-P-3650,2.2,2.0,2.4
2025-08-01,2025-08-01 09:32:00.500,IO2508-P-3650,2.2,2.0,2.4
2025-08-01,2025-08-01 09:32:02.500,IO2508-P-3650,2.2,2.0,2.4
2025-08-01,2025-08-01 09:32:03.500,IO2508-P-3650,2.2,2.0,2.4
2025-08-01,2025-08-01 09:32:04.500,IO2508-P-3650,2.2,2.0,2.4
2025-08-01,2025-08-01 09:32:06.500,IO2508-P-3650,2.2,2.0,2.4
2025-08-01,2025-08-01 09:32:07.000,IO2508-P-3650,2.2,2.0,2.4
2025-08-01,2025-08-01 09:32:07.500,IO2508-P-3650,2.2,2.0,2.4
2025-08-01,2025-08-01 09:32:08.500,IO2508-P-3650,2.2,2.0,2.4
2025-08-01,2025-08-01 09:32:10.500,IO2508-P-3650,2.2,2.0,2.4
2025-08-01,2025-08-01 09:32:13.500,IO2508-P-3650,2.2,2.0,2.4
2025-08-01,2025-08-01 09:32:14.500,IO2508-P-3650,2.2,2.0,2.4
2025-08-01,2025-08-01 09:32:19.500,IO2508-P-3650,2.2,2.0,2.4
2025-08-01,2025-08-01 09:32:20.500,IO2508-P-3650,2.2,2.0,2.4
2025-08-01,2025-08-01 09:32:25.000,IO2508-P-3650,2.2,2.0,2.4
2025-08-01,2025-08-01 09:32:27.500,IO2508-P-3650,2.2,2.0,2.4
2025-08-01,2025-08-01 09:32:31.500,IO2508-P-3650,2.2,2.0,2.4
2025-08-01,2025-08-01 09:32:36.500,IO2508-P-3650,2.2,2.0,2.4
2025-08-01,2025-08-01 09:32:37.000,IO2508-P-3650,2.2,2.0,2.4
2025-08-01,2025-08-01 09:32:37.500,IO2508-P-3650,2.2,2.0,2.4
2025-08-01,2025-08-01 09:32:38.000,IO2508-P-3650,2.2,2.0,2.4
2025-08-01,2025-08-01 09:32:38.500,IO2508-P-3650,2.2,2.0,2.4
2025-08-01,2025-08-01 09:32:58.000,IO2508-P-3650,2.2,2.0,2.2
2025-08-01,2025-08-01 09:32:58.500,IO2508-P-3650,2.2,2.0,2.2
2025-08-01,2025-08-01 09:32:59.000,IO2508-P-3650,2.2,2.0,2.2
2025-08-01,2025-08-01 09:33:00.000,IO2508-P-3650,2.2,2.0,2.2
2025-08-01,2025-08-01 09:33:01.000,IO2508-P-3650,2.2,2.0,2.2
2025-08-01,2025-08-01 09:33:03.000,IO2508-P-3650,2.2,2.0,2.2
2025-08-01,2025-08-01 09:33:03.500,IO2508-P-3650,2.2,2.0,2.2
2025-08-01,2025-08-01 09:33:04.000,IO2508-P-3650,2.2,2.0,2.2
2025-08-01,2025-08-01 09:33:06.500,IO2508-P-3650,2.2,2.0,2.2
2025-08-01,2025-08-01 09:33:07.000,IO2508-P-3650,2.2,2.0,2.2
2025-08-01,2025-08-01 09:33:07.500,IO2508-P-3650,2.2,2.0,2.2
2025-08-01,2025-08-01 09:33:11.000,IO2508-P-3650,2.2,2.0,2.2
2025-08-01,2025-08-01 09:33:13.500,IO2508-P-3650,2.2,2.0,2.2
2025-08-01,2025-08-01 09:33:29.000,IO2508-P-3650,2.2,2.0,2.2
2025-08-01,2025-08-01 09:33:36.500,IO2508-P-3650,2.2,2.0,2.2
2025-08-01,2025-08-01 09:33:37.000,IO2508-P-3650,2.2,2.0,2.2
2025-08-01,2025-08-01 09:33:37.500,IO2508-P-3650,2.2,2.0,2.2
2025-08-01,2025-08-01 09:33:45.000,IO2508-P-3650,2.2,2.0,2.2
2025-08-01,2025-08-01 09:33:57.000,IO2508-P-3650,2.2,2.0,2.2
2025-08-01,2025-08-01 09:34:06.500,IO2508-P-3650,2.2,2.0,2.2
2025-08-01,2025-08-01 09:34:07.000,IO2508-P-3650,2.2,2.0,2.2
2025-08-01,2025-08-01 09:34:07.500,IO2508-P-3650,2.2,2.0,2.2
2025-08-01,2025-08-01 09:34:10.000,IO2508-P-3650,2.2,2.0,2.2
2025-08-01,2025-08-01 09:34:11.000,IO2508-P-3650,2.2,2.0,2.2
2025-08-01,2025-08-01 09:34:16.500,IO2508-P-3650,2.2,2.0,2.2
2025-08-01,2025-08-01 09:34:17.000,IO2508-P-3650,2.2,2.0,2.2
2025-08-01,2025-08-01 09:34:36.500,IO2508-P-3650,2.2,2.0,2.2
2025-08-01,2025-08-01 09:34:37.000,IO2508-P-3650,2.2,2.0,2.2
2025-08-01,2025-08-01 09:34:37.500,IO2508-P-3650,2.2,2.0,2.2
2025-08-01,2025-08-01 09:34:40.500,IO2508-P-3650,2.2,2.0,2.2
2025-08-01,2025-08-01 09:34:41.000,IO2508-P-3650,2.2,2.0,2.2
2025-08-01,2025-08-01 09:34:48.000,IO2508-P-3650,2.2,2.0,2.2
2025-08-01,2025-08-01 09:34:53.000,IO2508-P-3650,2.2,2.0,2.2
2025-08-01,2025-08-01 09:35:02.000,IO2508-P-3650,2.2,2.0,2.2
2025-08-01,2025-08-01 09:35:06.500,IO2508-P-3650,2.2,2.0,2.2
2025-08-01,2025-08-01 09:35:07.000,IO2508-P-3650,2.2,2.0,2.2
2025-08-01,2025-08-01 09:35:07.500,IO2508-P-3650,2.2,2.0,2.2
2025-08-01,2025-08-01 09:35:09.000,IO2508-P-3650,2.2,2.0,2.2
2025-08-01,2025-08-01 09:35:36.500,IO2508-P-3650,2.2,2.0,2.2
2025-08-01,2025-08-01 09:35:37.000,IO2508-P-3650,2.2,2.0,2.2
2025-08-01,2025-08-01 09:35:37.500,IO2508-P-3650,2.2,2.0,2.2
2025-08-01,2025-08-01 09:35:53.000,IO2508-P-3650,2.2,2.0,2.2
2025-08-01,2025-08-01 09:35:53.500,IO2508-P-3650,2.2,2.0,2.2
2025-08-01,2025-08-01 09:35:54.500,IO2508-P-3650,2.2,2.0,2.2
2025-08-01,2025-08-01 09:35:55.000,IO2508-P-3650,2.2,2.0,2.2
2025-08-01,2025-08-01 09:35:56.500,IO2508-P-3650,2.2,2.0,2.2
2025-08-01,2025-08-01 09:35:57.000,IO2508-P-3650,2.2,2.0,2.2
2025-08-01,2025-08-01 09:36:02.500,IO2508-P-3650,2.2,2.0,2.2
2025-08-01,2025-08-01 09:36:03.000,IO2508-P-3650,2.2,2.0,2.2
2025-08-01,2025-08-01 09:36:03.500,IO2508-P-3650,2.2,2.0,2.2
2025-08-01,2025-08-01 09:36:06.500,IO2508-P-3650,2.2,2.0,2.2
2025-08-01,2025-08-01 09:36:07.000,IO2508-P-3650,2.2,2.0,2.2
2025-08-01,2025-08-01 09:36:07.500,IO2508-P-3650,2.2,2.0,2.2
2025-08-01,2025-08-01 09:36:24.500,IO2508-P-3650,2.2,2.0,2.2
2025-08-01,2025-08-01 09:36:36.500,IO2508-P-3650,2.2,2.0,2.2
2025-08-01,2025-08-01 09:36:37.000,IO2508-P-3650,2.2,2.0,2.2
2025-08-01,2025-08-01 09:36:37.500,IO2508-P-3650,2.2,2.0,2.2
2025-08-01,2025-08-01 09:36:56.000,IO2508-P-3650,2.2,2.0,2.2
2025-08-01,2025-08-01 09:36:56.500,IO2508-P-3650,2.2,2.0,2.2
2025-08-01,2025-08-01 09:37:04.500,IO2508-P-3650,2.2,2.0,2.2
2025-08-01,2025-08-01 09:37:05.000,IO2508-P-3650,2.2,1.8,2.2
2025-08-01,2025-08-01 09:37:05.500,IO2508-P-3650,2.2,1.8,2.2
2025-08-01,2025-08-01 09:37:06.500,IO2508-P-3650,2.2,1.8,2.2
2025-08-01,2025-08-01 09:37:07.000,IO2508-P-3650,2.2,1.8,2.2
2025-08-01,2025-08-01 09:37:07.500,IO2508-P-3650,2.2,1.8,2.2
2025-08-01,2025-08-01 09:37:11.000,IO2508-P-3650,2.2,1.8,2.2
2025-08-01,2025-08-01 09:37:16.000,IO2508-P-3650,2.2,1.8,2.2
2025-08-01,2025-08-01 09:37:16.500,IO2508-P-3650,2.2,1.8,2.2
2025-08-01,2025-08-01 09:37:32.500,IO2508-P-3650,2.2,1.8,2.2
2025-08-01,2025-08-01 09:37:33.000,IO2508-P-3650,2.2,1.8,2.2
2025-08-01,2025-08-01 09:37:33.500,IO2508-P-3650,2.2,1.8,2.2
2025-08-01,2025-08-01 09:37:36.500,IO2508-P-3650,2.2,1.8,2.2
2025-08-01,2025-08-01 09:37:37.000,IO2508-P-3650,2.2,1.8,2.2
2025-08-01,2025-08-01 09:37:53.500,IO2508-P-3650,2.2,1.8,2.2
2025-08-01,2025-08-01 09:37:58.000,IO2508-P-3650,2.2,1.8,2.2
2025-08-01,2025-08-01 09:37:58.500,IO2508-P-3650,2.2,1.8,2.2
2025-08-01,2025-08-01 09:38:00.000,IO2508-P-3650,2.2,1.8,2.2
2025-08-01,2025-08-01 09:38:02.000,IO2508-P-3650,2.2,1.8,2.2
2025-08-01,2025-08-01 09:38:02.500,IO2508-P-3650,2.2,1.8,2.2
2025-08-01,2025-08-01 09:38:03.000,IO2508-P-3650,2.2,1.8,2.2
2025-08-01,2025-08-01 09:38:03.500,IO2508-P-3650,2.2,1.8,2.2
2025-08-01,2025-08-01 09:38:04.000,IO2508-P-3650,2.2,1.8,2.2
2025-08-01,2025-08-01 09:38:06.500,IO2508-P-3650,2.2,1.8,2.2
2025-08-01,2025-08-01 09:38:07.000,IO2508-P-3650,2.2,1.8,2.2
2025-08-01,2025-08-01 09:38:12.000,IO2508-P-3650,2.2,1.8,2.2
2025-08-01,2025-08-01 09:38:36.500,IO2508-P-3650,2.2,1.8,2.2
2025-08-01,2025-08-01 09:38:37.000,IO2508-P-3650,2.2,1.8,2.2
2025-08-01,2025-08-01 09:38:43.000,IO2508-P-3650,2.2,1.8,2.2
2025-08-01,2025-08-01 09:38:45.000,IO2508-P-3650,2.2,1.8,2.2
2025-08-01,2025-08-01 09:38:46.500,IO2508-P-3650,2.2,1.8,2.2
2025-08-01,2025-08-01 09:39:05.000,IO2508-P-3650,2.2,1.8,2.2
2025-08-01,2025-08-01 09:39:05.500,IO2508-P-3650,2.2,1.8,2.2
2025-08-01,2025-08-01 09:39:06.000,IO2508-P-3650,2.2,1.8,2.2
2025-08-01,2025-08-01 09:39:06.500,IO2508-P-3650,2.2,1.8,2.2
2025-08-01,2025-08-01 09:39:07.000,IO2508-P-3650,2.2,1.8,2.2
2025-08-01,2025-08-01 09:39:13.500,IO2508-P-3650,2.2,1.8,2.2
2025-08-01,2025-08-01 09:39:14.000,IO2508-P-3650,2.2,1.8,2.2
2025-08-01,2025-08-01 09:39:14.500,IO2508-P-3650,2.2,1.8,2.2
2025-08-01,2025-08-01 09:39:15.000,IO2508-P-3650,2.2,1.8,2.2
2025-08-01,2025-08-01 09:39:15.500,IO2508-P-3650,2.2,1.8,2.2
2025-08-01,2025-08-01 09:39:16.000,IO2508-P-3650,2.2,1.8,2.2
2025-08-01,2025-08-01 09:39:16.500,IO2508-P-3650,2.2,1.8,2.2
2025-08-01,2025-08-01 09:39:20.500,IO2508-P-3650,2.2,1.8,2.2
2025-08-01,2025-08-01 09:39:27.000,IO2508-P-3650,2.2,1.8,2.2
2025-08-01,2025-08-01 09:39:34.000,IO2508-P-3650,2.2,1.8,2.2
2025-08-01,2025-08-01 09:39:34.500,IO2508-P-3650,2.2,1.8,2.2
2025-08-01,2025-08-01 09:39:36.500,IO2508-P-3650,2.2,1.8,2.2
2025-08-01,2025-08-01 09:39:37.000,IO2508-P-3650,2.2,1.8,2.2
2025-08-01,2025-08-01 09:39:59.000,IO2508-P-3650,2.2,1.8,2.2
2025-08-01,2025-08-01 09:39:59.500,IO2508-P-3650,2.2,1.8,2.2
2025-08-01,2025-08-01 09:40:00.000,IO2508-P-3650,2.2,1.8,2.2
2025-08-01,2025-08-01 09:40:00.500,IO2508-P-3650,2.2,1.8,2.2
2025-08-01,2025-08-01 09:40:02.000,IO2508-P-3650,2.2,1.8,2.2
2025-08-01,2025-08-01 09:40:03.500,IO2508-P-3650,2.2,1.8,2.2
2025-08-01,2025-08-01 09:40:04.000,IO2508-P-3650,2.2,1.8,2.2
2025-08-01,2025-08-01 09:40:06.500,IO2508-P-3650,2.2,1.8,2.2
2025-08-01,2025-08-01 09:40:07.000,IO2508-P-3650,2.2,1.8,2.2
2025-08-01,2025-08-01 09:40:12.500,IO2508-P-3650,2.2,1.8,2.2
2025-08-01,2025-08-01 09:40:25.000,IO2508-P-3650,2.2,1.8,2.2
2025-08-01,2025-08-01 09:40:28.000,IO2508-P-3650,2.2,1.8,2.2
2025-08-01,2025-08-01 09:40:36.500,IO2508-P-3650,2.2,1.8,2.2
2025-08-01,2025-08-01 09:40:37.000,IO2508-P-3650,2.2,1.8,2.2
2025-08-01,2025-08-01 09:40:39.500,IO2508-P-3650,2.2,1.8,2.2
2025-08-01,2025-08-01 09:40:40.000,IO2508-P-3650,2.2,1.8,2.2
2025-08-01,2025-08-01 09:40:41.000,IO2508-P-3650,2.2,1.8,2.2
2025-08-01,2025-08-01 09:40:41.500,IO2508-P-3650,2.2,1.8,2.2
2025-08-01,2025-08-01 09:40:46.000,IO2508-P-3650,2.2,1.8,2.2
2025-08-01,2025-08-01 09:40:46.500,IO2508-P-3650,2.2,1.8,2.2
2025-08-01,2025-08-01 09:40:47.000,IO2508-P-3650,2.2,1.8,2.2
2025-08-01,2025-08-01 09:40:49.500,IO2508-P-3650,2.2,1.8,2.2
2025-08-01,2025-08-01 09:40:52.000,IO2508-P-3650,2.2,2.0,2.2
2025-08-01,2025-08-01 09:40:52.500,IO2508-P-3650,2.2,2.0,2.2
2025-08-01,2025-08-01 09:40:53.000,IO2508-P-3650,2.2,2.0,2.2
2025-08-01,2025-08-01 09:40:56.000,IO2508-P-3650,2.2,2.0,2.2
2025-08-01,2025-08-01 09:40:56.500,IO2508-P-3650,2.2,2.0,2.2
2025-08-01,2025-08-01 09:41:06.500,IO2508-P-3650,2.2,2.0,2.2
2025-08-01,2025-08-01 09:41:07.000,IO2508-P-3650,2.2,2.0,2.2
2025-08-01,2025-08-01 09:41:08.500,IO2508-P-3650,2.2,2.0,2.2
2025-08-01,2025-08-01 09:41:11.000,IO2508-P-3650,2.2,2.0,2.2
2025-08-01,2025-08-01 09:41:22.000,IO2508-P-3650,2.2,2.0,2.2
2025-08-01,2025-08-01 09:41:31.000,IO2508-P-3650,2.2,2.0,2.2
2025-08-01,2025-08-01 09:41:36.500,IO2508-P-3650,2.2,2.0,2.2
2025-08-01,2025-08-01 09:41:37.000,IO2508-P-3650,2.2,2.0,2.2
2025-08-01,2025-08-01 09:41:42.000,IO2508-P-3650,2.2,2.0,2.2
2025-08-01,2025-08-01 09:41:43.000,IO2508-P-3650,2.2,2.0,2.2
2025-08-01,2025-08-01 09:41:44.500,IO2508-P-3650,2.2,2.0,2.2
2025-08-01,2025-08-01 09:41:45.500,IO2508-P-3650,2.2,2.0,2.2
2025-08-01,2025-08-01 09:41:51.000,IO2508-P-3650,2.2,2.0,2.2
2025-08-01,2025-08-01 09:41:51.500,IO2508-P-3650,2.2,2.0,2.2
2025-08-01,2025-08-01 09:41:53.500,IO2508-P-3650,2.2,2.0,2.2
2025-08-01,2025-08-01 09:42:06.500,IO2508-P-3650,2.2,2.0,2.2
2025-08-01,2025-08-01 09:42:07.000,IO2508-P-3650,2.2,2.0,2.2
2025-08-01,2025-08-01 09:42:14.000,IO2508-P-3650,2.2,2.0,2.2
2025-08-01,2025-08-01 09:42:14.500,IO2508-P-3650,2.2,2.0,2.2
2025-08-01,2025-08-01 09:42:20.500,IO2508-P-3650,2.2,2.0,2.2
2025-08-01,2025-08-01 09:42:21.000,IO2508-P-3650,2.2,2.0,2.2
2025-08-01,2025-08-01 09:42:22.000,IO2508-P-3650,2.2,2.0,2.2
2025-08-01,2025-08-01 09:42:25.000,IO2508-P-3650,2.2,2.0,2.2
2025-08-01,2025-08-01 09:42:36.500,IO2508-P-3650,2.2,2.0,2.2
2025-08-01,2025-08-01 09:42:37.000,IO2508-P-3650,2.2,2.0,2.2
2025-08-01,2025-08-01 09:43:06.500,IO2508-P-3650,2.2,2.0,2.2
2025-08-01,2025-08-01 09:43:07.000,IO2508-P-3650,2.2,2.0,2.2
2025-08-01,2025-08-01 09:43:21.500,IO2508-P-3650,2.2,2.0,2.2
2025-08-01,2025-08-01 09:43:23.500,IO2508-P-3650,2.2,2.0,2.2
2025-08-01,2025-08-01 09:43:31.000,IO2508-P-3650,2.2,2.0,2.2
2025-08-01,2025-08-01 09:43:32.000,IO2508-P-3650,2.2,2.0,2.2
2025-08-01,2025-08-01 09:43:36.500,IO2508-P-3650,2.2,2.0,2.2
2025-08-01,2025-08-01 09:43:37.000,IO2508-P-3650,2.2,2.0,2.2
2025-08-01,2025-08-01 09:44:04.000,IO2508-P-3650,2.2,2.0,2.2
2025-08-01,2025-08-01 09:44:05.500,IO2508-P-3650,2.2,2.0,2.2
2025-08-01,2025-08-01 09:44:06.000,IO2508-P-3650,2.2,2.0,2.2
2025-08-01,2025-08-01 09:44:06.500,IO2508-P-3650,2.2,2.0,2.2
2025-08-01,2025-08-01 09:44:07.000,IO2508-P-3650,2.2,2.0,2.2
2025-08-01,2025-08-01 09:44:36.500,IO2508-P-3650,2.2,2.0,2.2
2025-08-01,2025-08-01 09:44:37.000,IO2508-P-3650,2.2,2.0,2.2
2025-08-01,2025-08-01 09:44:56.000,IO2508-P-3650,2.2,2.0,2.2
2025-08-01,2025-08-01 09:45:02.000,IO2508-P-3650,2.2,2.0,2.2
2025-08-01,2025-08-01 09:45:05.000,IO2508-P-3650,2.2,2.0,2.2
2025-08-01,2025-08-01 09:45:06.000,IO2508-P-3650,2.2,2.0,2.2
2025-08-01,2025-08-01 09:45:06.500,IO2508-P-3650,2.2,2.0,2.2
2025-08-01,2025-08-01 09:45:07.000,IO2508-P-3650,2.2,2.0,2.2
2025-08-01,2025-08-01 09:45:31.500,IO2508-P-3650,2.2,2.0,2.2
2025-08-01,2025-08-01 09:45:36.500,IO2508-P-3650,2.2,2.0,2.2
2025-08-01,2025-08-01 09:45:37.000,IO2508-P-3650,2.2,2.0,2.2
2025-08-01,2025-08-01 09:45:44.500,IO2508-P-3650,2.2,2.0,2.2
2025-08-01,2025-08-01 09:46:02.000,IO2508-P-3650,2.2,2.0,2.2
2025-08-01,2025-08-01 09:46:05.000,IO2508-P-3650,2.2,2.0,2.2
2025-08-01,2025-08-01 09:46:06.500,IO2508-P-3650,2.2,2.0,2.2
2025-08-01,2025-08-01 09:46:07.000,IO2508-P-3650,2.2,2.0,2.2
2025-08-01,2025-08-01 09:46:14.000,IO2508-P-3650,2.2,2.0,2.2
2025-08-01,2025-08-01 09:46:18.500,IO2508-P-3650,2.2,2.0,2.2
2025-08-01,2025-08-01 09:46:36.500,IO2508-P-3650,2.2,2.0,2.2
2025-08-01,2025-08-01 09:46:37.000,IO2508-P-3650,2.2,2.0,2.2
2025-08-01,2025-08-01 09:46:41.000,IO2508-P-3650,2.2,2.0,2.2
2025-08-01,2025-08-01 09:46:44.500,IO2508-P-3650,2.2,2.0,2.2
2025-08-01,2025-08-01 09:46:47.000,IO2508-P-3650,2.2,2.0,2.2
2025-08-01,2025-08-01 09:46:55.500,IO2508-P-3650,2.2,2.0,2.2
2025-08-01,2025-08-01 09:47:06.500,IO2508-P-3650,2.2,2.0,2.2
2025-08-01,2025-08-01 09:47:07.000,IO2508-P-3650,2.2,2.0,2.2
2025-08-01,2025-08-01 09:47:07.500,IO2508-P-3650,2.2,2.0,2.2
2025-08-01,2025-08-01 09:47:09.000,IO2508-P-3650,2.2,2.0,2.2
2025-08-01,2025-08-01 09:47:12.000,IO2508-P-3650,2.2,2.0,2.2
2025-08-01,2025-08-01 09:47:12.500,IO2508-P-3650,2.2,2.0,2.2
2025-08-01,2025-08-01 09:47:22.500,IO2508-P-3650,2.2,2.0,2.2
2025-08-01,2025-08-01 09:47:23.000,IO2508-P-3650,2.2,2.0,2.2
2025-08-01,2025-08-01 09:47:25.000,IO2508-P-3650,2.2,2.0,2.2
2025-08-01,2025-08-01 09:47:36.000,IO2508-P-3650,2.2,2.0,2.2
2025-08-01,2025-08-01 09:47:36.500,IO2508-P-3650,2.2,2.0,2.2
2025-08-01,2025-08-01 09:47:37.000,IO2508-P-3650,2.2,2.0,2.2
2025-08-01,2025-08-01 09:47:40.500,IO2508-P-3650,2.2,2.0,2.2
2025-08-01,2025-08-01 09:47:41.000,IO2508-P-3650,2.2,2.0,2.2
2025-08-01,2025-08-01 09:47:49.500,IO2508-P-3650,2.2,2.0,2.2
2025-08-01,2025-08-01 09:48:04.000,IO2508-P-3650,2.2,2.0,2.2
2025-08-01,2025-08-01 09:48:04.500,IO2508-P-3650,2.2,2.0,2.2
2025-08-01,2025-08-01 09:48:06.500,IO2508-P-3650,2.2,2.0,2.2
2025-08-01,2025-08-01 09:48:07.000,IO2508-P-3650,2.2,2.0,2.2
2025-08-01,2025-08-01 09:48:17.500,IO2508-P-3650,2.2,2.0,2.2
2025-08-01,2025-08-01 09:48:19.000,IO2508-P-3650,2.2,2.0,2.2
2025-08-01,2025-08-01 09:48:20.000,IO2508-P-3650,2.2,2.0,2.2
2025-08-01,2025-08-01 09:48:21.000,IO2508-P-3650,2.2,2.0,2.2
2025-08-01,2025-08-01 09:48:28.500,IO2508-P-3650,2.2,2.0,2.2
2025-08-01,2025-08-01 09:48:36.500,IO2508-P-3650,2.2,2.0,2.2
2025-08-01,2025-08-01 09:48:37.000,IO2508-P-3650,2.2,2.0,2.2
2025-08-01,2025-08-01 09:48:37.500,IO2508-P-3650,2.2,2.0,2.2
2025-08-01,2025-08-01 09:48:43.500,IO2508-P-3650,2.2,2.0,2.2
2025-08-01,2025-08-01 09:48:44.000,IO2508-P-3650,2.2,2.0,2.2
2025-08-01,2025-08-01 09:48:45.000,IO2508-P-3650,2.2,2.0,2.2
2025-08-01,2025-08-01 09:48:46.000,IO2508-P-3650,2.2,2.0,2.2
2025-08-01,2025-08-01 09:48:55.000,IO2508-P-3650,2.2,2.0,2.2
2025-08-01,2025-08-01 09:49:14.000,IO2508-P-3650,2.2,2.0,2.2
2025-08-01,2025-08-01 09:49:14.500,IO2508-P-3650,2.2,2.0,2.2
2025-08-01,2025-08-01 09:49:16.500,IO2508-P-3650,2.2,2.0,2.2
2025-08-01,2025-08-01 09:49:20.500,IO2508-P-3650,2.2,2.0,2.2
2025-08-01,2025-08-01 09:49:21.000,IO2508-P-3650,2.2,2.0,2.2
2025-08-01,2025-08-01 09:49:21.500,IO2508-P-3650,2.2,2.0,2.2
2025-08-01,2025-08-01 09:49:28.500,IO2508-P-3650,2.2,2.0,2.2
2025-08-01,2025-08-01 09:49:36.500,IO2508-P-3650,2.2,2.0,2.2
2025-08-01,2025-08-01 09:49:37.000,IO2508-P-3650,2.2,2.0,2.2
2025-08-01,2025-08-01 09:49:44.000,IO2508-P-3650,2.2,2.0,2.2
2025-08-01,2025-08-01 09:49:44.500,IO2508-P-3650,2.2,2.0,2.2
2025-08-01,2025-08-01 09:49:50.500,IO2508-P-3650,2.2,2.0,2.2
2025-08-01,2025-08-01 09:50:02.000,IO2508-P-3650,2.2,2.0,2.2
2025-08-01,2025-08-01 09:50:04.000,IO2508-P-3650,2.2,2.0,2.2
2025-08-01,2025-08-01 09:50:05.000,IO2508-P-3650,2.2,2.0,2.2
2025-08-01,2025-08-01 09:50:06.500,IO2508-P-3650,2.2,2.0,2.2
2025-08-01,2025-08-01 09:50:07.000,IO2508-P-3650,2.2,2.0,2.2
2025-08-01,2025-08-01 09:50:07.500,IO2508-P-3650,2.2,2.0,2.2
2025-08-01,2025-08-01 09:50:11.500,IO2508-P-3650,2.2,2.0,2.2
2025-08-01,2025-08-01 09:50:12.000,IO2508-P-3650,2.2,2.0,2.2
2025-08-01,2025-08-01 09:50:13.000,IO2508-P-3650,2.2,2.0,2.2
2025-08-01,2025-08-01 09:50:15.000,IO2508-P-3650,2.2,2.0,2.2
2025-08-01,2025-08-01 09:50:16.000,IO2508-P-3650,2.2,2.0,2.2
2025-08-01,2025-08-01 09:50:17.500,IO2508-P-3650,2.2,2.0,2.2
2025-08-01,2025-08-01 09:50:18.000,IO2508-P-3650,2.2,2.0,2.2
2025-08-01,2025-08-01 09:50:21.500,IO2508-P-3650,2.2,2.0,2.2
2025-08-01,2025-08-01 09:50:22.000,IO2508-P-3650,2.2,2.0,2.2
2025-08-01,2025-08-01 09:50:36.500,IO2508-P-3650,2.2,2.0,2.2
2025-08-01,2025-08-01 09:50:37.000,IO2508-P-3650,2.2,2.0,2.2
2025-08-01,2025-08-01 09:50:37.500,IO2508-P-3650,2.2,2.0,2.2
2025-08-01,2025-08-01 09:50:39.500,IO2508-P-3650,2.2,2.0,2.2
2025-08-01,2025-08-01 09:50:53.000,IO2508-P-3650,2.2,2.0,2.2
2025-08-01,2025-08-01 09:50:54.000,IO2508-P-3650,2.2,2.0,2.2
2025-08-01,2025-08-01 09:51:06.500,IO2508-P-3650,2.2,2.0,2.2
2025-08-01,2025-08-01 09:51:07.000,IO2508-P-3650,2.2,2.0,2.2
2025-08-01,2025-08-01 09:51:36.500,IO2508-P-3650,2.2,2.0,2.2
2025-08-01,2025-08-01 09:51:37.000,IO2508-P-3650,2.2,2.0,2.2
2025-08-01,2025-08-01 09:51:38.000,IO2508-P-3650,2.2,2.0,2.2
2025-08-01,2025-08-01 09:51:41.000,IO2508-P-3650,2.2,2.0,2.2
2025-08-01,2025-08-01 09:52:06.500,IO2508-P-3650,2.2,2.0,2.2
2025-08-01,2025-08-01 09:52:07.000,IO2508-P-3650,2.2,2.0,2.2
2025-08-01,2025-08-01 09:52:10.500,IO2508-P-3650,2.2,2.0,2.2
2025-08-01,2025-08-01 09:52:14.000,IO2508-P-3650,2.2,2.0,2.2
2025-08-01,2025-08-01 09:52:36.500,IO2508-P-3650,2.2,2.0,2.2
2025-08-01,2025-08-01 09:52:37.000,IO2508-P-3650,2.2,2.0,2.2
2025-08-01,2025-08-01 09:52:49.000,IO2508-P-3650,2.2,2.0,2.2
2025-08-01,2025-08-01 09:52:49.500,IO2508-P-3650,2.2,2.0,2.2
2025-08-01,2025-08-01 09:52:54.500,IO2508-P-3650,2.2,2.0,2.2
2025-08-01,2025-08-01 09:53:05.000,IO2508-P-3650,2.2,2.0,2.2
2025-08-01,2025-08-01 09:53:06.500,IO2508-P-3650,2.2,2.0,2.2
2025-08-01,2025-08-01 09:53:07.000,IO2508-P-3650,2.2,2.0,2.2
2025-08-01,2025-08-01 09:53:07.500,IO2508-P-3650,2.2,2.0,2.2
2025-08-01,2025-08-01 09:53:11.500,IO2508-P-3650,2.2,2.0,2.2
2025-08-01,2025-08-01 09:53:36.500,IO2508-P-3650,2.2,2.0,2.2
2025-08-01,2025-08-01 09:53:37.000,IO2508-P-3650,2.2,2.0,2.2
2025-08-01,2025-08-01 09:53:37.500,IO2508-P-3650,2.2,2.0,2.2
2025-08-01,2025-08-01 09:53:44.000,IO2508-P-3650,2.2,2.0,2.2
2025-08-01,2025-08-01 09:54:06.500,IO2508-P-3650,2.2,2.0,2.2
2025-08-01,2025-08-01 09:54:07.000,IO2508-P-3650,2.2,2.0,2.2
2025-08-01,2025-08-01 09:54:07.500,IO2508-P-3650,2.2,2.0,2.2
2025-08-01,2025-08-01 09:54:12.000,IO2508-P-3650,2.2,2.0,2.2
2025-08-01,2025-08-01 09:54:12.500,IO2508-P-3650,2.2,2.0,2.2
2025-08-01,2025-08-01 09:54:33.000,IO2508-P-3650,2.2,2.0,2.2
2025-08-01,2025-08-01 09:54:36.500,IO2508-P-3650,2.2,2.0,2.2
2025-08-01,2025-08-01 09:54:37.000,IO2508-P-3650,2.2,2.0,2.2
2025-08-01,2025-08-01 09:54:37.500,IO2508-P-3650,2.2,2.0,2.2
2025-08-01,2025-08-01 09:55:06.500,IO2508-P-3650,2.2,2.0,2.2
2025-08-01,2025-08-01 09:55:07.000,IO2508-P-3650,2.2,2.0,2.2
2025-08-01,2025-08-01 09:55:07.500,IO2508-P-3650,2.2,2.0,2.2
2025-08-01,2025-08-01 09:55:36.500,IO2508-P-3650,2.2,2.0,2.2
2025-08-01,2025-08-01 09:55:37.000,IO2508-P-3650,2.2,2.0,2.2
2025-08-01,2025-08-01 09:55:37.500,IO2508-P-3650,2.2,2.0,2.2
2025-08-01,2025-08-01 09:55:42.000,IO2508-P-3650,2.2,2.0,2.2
2025-08-01,2025-08-01 09:55:42.500,IO2508-P-3650,2.2,2.0,2.2
2025-08-01,2025-08-01 09:55:59.500,IO2508-P-3650,2.2,2.0,2.2
2025-08-01,2025-08-01 09:56:00.000,IO2508-P-3650,2.2,2.0,2.2
2025-08-01,2025-08-01 09:56:00.500,IO2508-P-3650,2.2,2.0,2.2
2025-08-01,2025-08-01 09:56:06.500,IO2508-P-3650,2.2,2.0,2.2
2025-08-01,2025-08-01 09:56:07.000,IO2508-P-3650,2.2,2.0,2.2
2025-08-01,2025-08-01 09:56:11.500,IO2508-P-3650,2.2,2.0,2.2
2025-08-01,2025-08-01 09:56:12.500,IO2508-P-3650,2.2,2.0,2.2
2025-08-01,2025-08-01 09:56:17.000,IO2508-P-3650,2.2,2.0,2.2
2025-08-01,2025-08-01 09:56:17.500,IO2508-P-3650,2.2,2.0,2.2
2025-08-01,2025-08-01 09:56:36.500,IO2508-P-3650,2.2,2.0,2.2
2025-08-01,2025-08-01 09:56:37.000,IO2508-P-3650,2.2,2.0,2.2
2025-08-01,2025-08-01 09:56:37.500,IO2508-P-3650,2.2,2.0,2.2
2025-08-01,2025-08-01 09:56:49.000,IO2508-P-3650,2.2,2.0,2.2
2025-08-01,2025-08-01 09:56:49.500,IO2508-P-3650,2.2,2.0,2.2
2025-08-01,2025-08-01 09:57:06.500,IO2508-P-3650,2.2,2.0,2.2
2025-08-01,2025-08-01 09:57:07.000,IO2508-P-3650,2.2,2.0,2.2
2025-08-01,2025-08-01 09:57:07.500,IO2508-P-3650,2.2,2.0,2.2
2025-08-01,2025-08-01 09:57:26.500,IO2508-P-3650,2.0,2.0,2.2
2025-08-01,2025-08-01 09:57:27.000,IO2508-P-3650,2.0,2.0,2.2
2025-08-01,2025-08-01 09:57:27.500,IO2508-P-3650,2.0,2.0,2.2
2025-08-01,2025-08-01 09:57:28.000,IO2508-P-3650,2.0,2.0,2.2
2025-08-01,2025-08-01 09:57:29.000,IO2508-P-3650,2.0,1.8,2.0
2025-08-01,2025-08-01 09:57:29.500,IO2508-P-3650,2.0,1.8,2.2
2025-08-01,2025-08-01 09:57:30.000,IO2508-P-3650,2.0,1.8,2.2
2025-08-01,2025-08-01 09:57:30.500,IO2508-P-3650,2.0,1.8,2.2
2025-08-01,2025-08-01 09:57:31.000,IO2508-P-3650,2.0,1.8,2.2
2025-08-01,2025-08-01 09:57:36.500,IO2508-P-3650,2.0,1.8,2.2
2025-08-01,2025-08-01 09:57:37.000,IO2508-P-3650,2.0,1.8,2.2
2025-08-01,2025-08-01 09:57:40.000,IO2508-P-3650,2.0,1.8,2.2
2025-08-01,2025-08-01 09:57:40.500,IO2508-P-3650,2.0,1.8,2.2
2025-08-01,2025-08-01 09:57:44.000,IO2508-P-3650,2.0,1.8,2.2
2025-08-01,2025-08-01 09:57:44.500,IO2508-P-3650,2.0,1.8,2.2
2025-08-01,2025-08-01 09:57:52.500,IO2508-P-3650,2.0,1.8,2.2
2025-08-01,2025-08-01 09:58:03.500,IO2508-P-3650,2.0,1.8,2.2
2025-08-01,2025-08-01 09:58:06.500,IO2508-P-3650,2.0,1.8,2.2
2025-08-01,2025-08-01 09:58:07.000,IO2508-P-3650,2.0,1.8,2.2
2025-08-01,2025-08-01 09:58:07.500,IO2508-P-3650,2.0,1.8,2.2
2025-08-01,2025-08-01 09:58:10.000,IO2508-P-3650,2.0,1.8,2.2
2025-08-01,2025-08-01 09:58:10.500,IO2508-P-3650,2.0,1.8,2.2
2025-08-01,2025-08-01 09:58:17.000,IO2508-P-3650,2.0,1.8,2.2
2025-08-01,2025-08-01 09:58:17.500,IO2508-P-3650,2.0,1.8,2.2
2025-08-01,2025-08-01 09:58:20.500,IO2508-P-3650,2.0,1.8,2.2
2025-08-01,2025-08-01 09:58:29.000,IO2508-P-3650,2.0,1.8,2.2
2025-08-01,2025-08-01 09:58:29.500,IO2508-P-3650,2.0,1.8,2.2
2025-08-01,2025-08-01 09:58:30.000,IO2508-P-3650,2.0,1.8,2.2
2025-08-01,2025-08-01 09:58:31.500,IO2508-P-3650,2.0,1.8,2.2
2025-08-01,2025-08-01 09:58:36.500,IO2508-P-3650,2.0,1.8,2.2
2025-08-01,2025-08-01 09:58:37.000,IO2508-P-3650,2.0,1.8,2.2
2025-08-01,2025-08-01 09:58:39.500,IO2508-P-3650,2.0,1.8,2.2
2025-08-01,2025-08-01 09:58:40.000,IO2508-P-3650,2.0,1.8,2.2
2025-08-01,2025-08-01 09:58:52.500,IO2508-P-3650,2.0,1.8,2.2
2025-08-01,2025-08-01 09:59:02.500,IO2508-P-3650,2.0,1.8,2.2
2025-08-01,2025-08-01 09:59:06.500,IO2508-P-3650,2.0,1.8,2.2
2025-08-01,2025-08-01 09:59:07.000,IO2508-P-3650,2.0,1.8,2.2
2025-08-01,2025-08-01 09:59:10.000,IO2508-P-3650,2.0,1.8,2.2
2025-08-01,2025-08-01 09:59:10.500,IO2508-P-3650,2.0,1.8,2.2
2025-08-01,2025-08-01 09:59:12.000,IO2508-P-3650,2.0,1.8,2.2
2025-08-01,2025-08-01 09:59:30.000,IO2508-P-3650,2.0,1.8,2.2
2025-08-01,2025-08-01 09:59:31.000,IO2508-P-3650,2.0,1.8,2.2
2025-08-01,2025-08-01 09:59:36.500,IO2508-P-3650,2.0,1.8,2.2
2025-08-01,2025-08-01 09:59:37.000,IO2508-P-3650,2.0,1.8,2.2
2025-08-01,2025-08-01 09:59:37.500,IO2508-P-3650,2.0,1.8,2.2
2025-08-01,2025-08-01 09:59:51.000,IO2508-P-3650,2.0,1.8,2.2
2025-08-01,2025-08-01 09:59:52.500,IO2508-P-3650,2.0,1.8,2.2
2025-08-01,2025-08-01 09:59:53.500,IO2508-P-3650,2.0,1.8,2.2
2025-08-01,2025-08-01 09:59:59.000,IO2508-P-3650,2.0,1.8,2.2
2025-08-01,2025-08-01 10:00:01.000,IO2508-P-3650,2.0,1.8,2.2
2025-08-01,2025-08-01 10:00:06.500,IO2508-P-3650,2.0,1.8,2.2
2025-08-01,2025-08-01 10:00:07.000,IO2508-P-3650,2.0,1.8,2.2
2025-08-01,2025-08-01 10:00:07.500,IO2508-P-3650,2.0,1.8,2.2
2025-08-01,2025-08-01 10:00:08.000,IO2508-P-3650,2.0,1.8,2.2
2025-08-01,2025-08-01 10:00:09.500,IO2508-P-3650,2.0,1.8,2.2
2025-08-01,2025-08-01 10:00:36.000,IO2508-P-3650,2.0,2.0,2.2
2025-08-01,2025-08-01 10:00:36.500,IO2508-P-3650,2.0,2.0,2.2
2025-08-01,2025-08-01 10:00:37.000,IO2508-P-3650,2.0,2.0,2.2
2025-08-01,2025-08-01 10:00:38.000,IO2508-P-3650,2.0,2.0,2.2
2025-08-01,2025-08-01 10:00:39.000,IO2508-P-3650,2.0,2.0,2.2
2025-08-01,2025-08-01 10:00:44.500,IO2508-P-3650,2.0,2.0,2.2
2025-08-01,2025-08-01 10:00:45.000,IO2508-P-3650,2.0,2.0,2.2
2025-08-01,2025-08-01 10:00:46.000,IO2508-P-3650,2.0,2.0,2.2
2025-08-01,2025-08-01 10:00:46.500,IO2508-P-3650,2.0,2.0,2.2
2025-08-01,2025-08-01 10:01:06.500,IO2508-P-3650,2.0,2.0,2.2
2025-08-01,2025-08-01 10:01:07.000,IO2508-P-3650,2.0,2.0,2.2
2025-08-01,2025-08-01 10:01:36.500,IO2508-P-3650,2.0,2.0,2.2
2025-08-01,2025-08-01 10:01:37.000,IO2508-P-3650,2.0,2.0,2.2
2025-08-01,2025-08-01 10:01:44.500,IO2508-P-3650,2.0,2.0,2.2
2025-08-01,2025-08-01 10:02:01.000,IO2508-P-3650,2.0,2.0,2.2
2025-08-01,2025-08-01 10:02:06.500,IO2508-P-3650,2.0,2.0,2.2
2025-08-01,2025-08-01 10:02:07.000,IO2508-P-3650,2.0,2.0,2.2
2025-08-01,2025-08-01 10:02:32.500,IO2508-P-3650,2.0,2.0,2.2
2025-08-01,2025-08-01 10:02:36.500,IO2508-P-3650,2.0,2.0,2.2
2025-08-01,2025-08-01 10:02:37.000,IO2508-P-3650,2.0,2.0,2.2
2025-08-01,2025-08-01 10:02:37.500,IO2508-P-3650,2.0,2.0,2.2
2025-08-01,2025-08-01 10:02:39.000,IO2508-P-3650,2.0,2.0,2.2
2025-08-01,2025-08-01 10:02:47.000,IO2508-P-3650,2.0,1.8,2.2
2025-08-01,2025-08-01 10:02:47.500,IO2508-P-3650,2.0,1.8,2.2
2025-08-01,2025-08-01 10:02:49.000,IO2508-P-3650,2.0,1.8,2.2
2025-08-01,2025-08-01 10:02:58.000,IO2508-P-3650,2.0,1.8,2.2
2025-08-01,2025-08-01 10:02:58.500,IO2508-P-3650,2.0,1.8,2.2
2025-08-01,2025-08-01 10:03:06.500,IO2508-P-3650,2.0,1.8,2.2
2025-08-01,2025-08-01 10:03:07.000,IO2508-P-3650,2.0,1.8,2.2
2025-08-01,2025-08-01 10:03:17.000,IO2508-P-3650,2.0,1.8,2.2
2025-08-01,2025-08-01 10:03:18.000,IO2508-P-3650,2.0,1.8,2.2
2025-08-01,2025-08-01 10:03:18.500,IO2508-P-3650,2.0,1.8,2.2
2025-08-01,2025-08-01 10:03:20.000,IO2508-P-3650,2.0,1.8,2.2
2025-08-01,2025-08-01 10:03:20.500,IO2508-P-3650,2.0,1.8,2.2
2025-08-01,2025-08-01 10:03:33.500,IO2508-P-3650,2.0,1.8,2.2
2025-08-01,2025-08-01 10:03:34.000,IO2508-P-3650,2.0,1.8,2.2
2025-08-01,2025-08-01 10:03:36.500,IO2508-P-3650,2.0,1.8,2.2
2025-08-01,2025-08-01 10:03:37.000,IO2508-P-3650,2.0,1.8,2.2
2025-08-01,2025-08-01 10:03:38.000,IO2508-P-3650,2.0,1.8,2.2
2025-08-01,2025-08-01 10:03:59.000,IO2508-P-3650,2.0,1.8,2.2
2025-08-01,2025-08-01 10:04:00.500,IO2508-P-3650,2.0,1.8,2.2
2025-08-01,2025-08-01 10:04:01.000,IO2508-P-3650,2.0,1.8,2.2
2025-08-01,2025-08-01 10:04:06.500,IO2508-P-3650,2.0,1.8,2.2
2025-08-01,2025-08-01 10:04:07.000,IO2508-P-3650,2.0,1.8,2.2
2025-08-01,2025-08-01 10:04:17.500,IO2508-P-3650,2.0,1.8,2.2
2025-08-01,2025-08-01 10:04:18.000,IO2508-P-3650,2.0,1.8,2.2
2025-08-01,2025-08-01 10:04:34.500,IO2508-P-3650,2.0,1.8,2.2
2025-08-01,2025-08-01 10:04:35.000,IO2508-P-3650,2.0,1.8,2.2
2025-08-01,2025-08-01 10:04:35.500,IO2508-P-3650,2.0,1.8,2.2
2025-08-01,2025-08-01 10:04:36.500,IO2508-P-3650,2.0,1.8,2.2
2025-08-01,2025-08-01 10:04:37.000,IO2508-P-3650,2.0,1.8,2.2
2025-08-01,2025-08-01 10:04:38.500,IO2508-P-3650,2.0,1.8,2.2
2025-08-01,2025-08-01 10:04:39.000,IO2508-P-3650,2.0,1.8,2.2
2025-08-01,2025-08-01 10:04:43.000,IO2508-P-3650,2.0,1.8,2.2
2025-08-01,2025-08-01 10:04:43.500,IO2508-P-3650,2.0,1.8,2.2
2025-08-01,2025-08-01 10:04:50.500,IO2508-P-3650,2.0,1.8,2.2
2025-08-01,2025-08-01 10:04:54.000,IO2508-P-3650,2.0,1.8,2.2
2025-08-01,2025-08-01 10:04:54.500,IO2508-P-3650,2.0,1.8,2.2
2025-08-01,2025-08-01 10:04:57.500,IO2508-P-3650,2.0,1.8,2.2
2025-08-01,2025-08-01 10:05:02.500,IO2508-P-3650,2.0,1.8,2.2
2025-08-01,2025-08-01 10:05:03.000,IO2508-P-3650,2.0,1.8,2.2
2025-08-01,2025-08-01 10:05:03.500,IO2508-P-3650,2.0,1.8,2.2
2025-08-01,2025-08-01 10:05:06.500,IO2508-P-3650,2.0,1.8,2.2
2025-08-01,2025-08-01 10:05:07.000,IO2508-P-3650,2.0,1.8,2.2
2025-08-01,2025-08-01 10:05:09.500,IO2508-P-3650,2.0,1.8,2.2
2025-08-01,2025-08-01 10:05:33.000,IO2508-P-3650,2.0,1.8,2.2
2025-08-01,2025-08-01 10:05:33.500,IO2508-P-3650,2.0,1.8,2.2
2025-08-01,2025-08-01 10:05:36.500,IO2508-P-3650,2.0,1.8,2.2
2025-08-01,2025-08-01 10:05:37.000,IO2508-P-3650,2.0,1.8,2.2
2025-08-01,2025-08-01 10:05:39.500,IO2508-P-3650,2.0,1.8,2.2
2025-08-01,2025-08-01 10:05:40.000,IO2508-P-3650,2.0,1.8,2.2
2025-08-01,2025-08-01 10:05:45.000,IO2508-P-3650,2.0,1.8,2.2
2025-08-01,2025-08-01 10:05:48.500,IO2508-P-3650,2.0,1.8,2.2
2025-08-01,2025-08-01 10:05:49.000,IO2508-P-3650,2.0,1.8,2.2
2025-08-01,2025-08-01 10:05:50.500,IO2508-P-3650,2.0,1.8,2.2
2025-08-01,2025-08-01 10:05:51.000,IO2508-P-3650,2.0,1.8,2.2
2025-08-01,2025-08-01 10:05:59.000,IO2508-P-3650,2.0,1.8,2.2
2025-08-01,2025-08-01 10:06:00.000,IO2508-P-3650,2.0,1.8,2.2
2025-08-01,2025-08-01 10:06:06.500,IO2508-P-3650,2.0,1.8,2.2
2025-08-01,2025-08-01 10:06:07.000,IO2508-P-3650,2.0,1.8,2.2
2025-08-01,2025-08-01 10:06:21.000,IO2508-P-3650,2.0,1.8,2.2
2025-08-01,2025-08-01 10:06:33.000,IO2508-P-3650,2.0,1.8,2.2
2025-08-01,2025-08-01 10:06:33.500,IO2508-P-3650,2.0,1.8,2.2
2025-08-01,2025-08-01 10:06:36.500,IO2508-P-3650,2.0,1.8,2.2
2025-08-01,2025-08-01 10:06:37.000,IO2508-P-3650,2.0,1.8,2.2
2025-08-01,2025-08-01 10:06:37.500,IO2508-P-3650,2.0,1.8,2.2
2025-08-01,2025-08-01 10:06:38.500,IO2508-P-3650,2.0,1.8,2.2
2025-08-01,2025-08-01 10:06:39.000,IO2508-P-3650,2.0,1.8,2.2
2025-08-01,2025-08-01 10:06:47.000,IO2508-P-3650,2.0,1.8,2.2
2025-08-01,2025-08-01 10:06:47.500,IO2508-P-3650,2.0,1.8,2.2
2025-08-01,2025-08-01 10:06:52.000,IO2508-P-3650,2.0,1.8,2.2
2025-08-01,2025-08-01 10:06:53.500,IO2508-P-3650,2.0,1.8,2.2
2025-08-01,2025-08-01 10:07:05.000,IO2508-P-3650,2.0,1.8,2.2
2025-08-01,2025-08-01 10:07:06.500,IO2508-P-3650,2.0,1.8,2.2
2025-08-01,2025-08-01 10:07:07.000,IO2508-P-3650,2.0,1.8,2.2
2025-08-01,2025-08-01 10:07:34.000,IO2508-P-3650,2.0,1.8,2.2
2025-08-01,2025-08-01 10:07:35.500,IO2508-P-3650,2.0,1.8,2.2
2025-08-01,2025-08-01 10:07:36.000,IO2508-P-3650,2.0,1.8,2.2
2025-08-01,2025-08-01 10:07:36.500,IO2508-P-3650,2.0,1.8,2.2
2025-08-01,2025-08-01 10:07:37.000,IO2508-P-3650,2.0,1.8,2.2
2025-08-01,2025-08-01 10:07:39.000,IO2508-P-3650,2.0,1.8,2.2
2025-08-01,2025-08-01 10:07:39.500,IO2508-P-3650,2.0,1.8,2.2
2025-08-01,2025-08-01 10:07:40.000,IO2508-P-3650,2.0,1.8,2.2
2025-08-01,2025-08-01 10:07:46.000,IO2508-P-3650,2.0,1.8,2.2
2025-08-01,2025-08-01 10:07:56.000,IO2508-P-3650,2.0,1.8,2.2
2025-08-01,2025-08-01 10:07:59.500,IO2508-P-3650,2.0,1.8,2.2
2025-08-01,2025-08-01 10:08:00.000,IO2508-P-3650,2.0,1.8,2.2
2025-08-01,2025-08-01 10:08:06.500,IO2508-P-3650,2.0,1.8,2.2
2025-08-01,2025-08-01 10:08:07.000,IO2508-P-3650,2.0,1.8,2.2
2025-08-01,2025-08-01 10:08:13.000,IO2508-P-3650,2.0,1.8,2.2
2025-08-01,2025-08-01 10:08:19.500,IO2508-P-3650,2.0,1.8,2.2
2025-08-01,2025-08-01 10:08:22.000,IO2508-P-3650,2.0,1.8,2.2
2025-08-01,2025-08-01 10:08:23.000,IO2508-P-3650,2.0,1.8,2.2
2025-08-01,2025-08-01 10:08:24.000,IO2508-P-3650,2.0,1.8,2.2
2025-08-01,2025-08-01 10:08:27.000,IO2508-P-3650,2.0,1.8,2.2
2025-08-01,2025-08-01 10:08:36.500,IO2508-P-3650,2.0,1.8,2.2
2025-08-01,2025-08-01 10:08:37.000,IO2508-P-3650,2.0,1.8,2.2
2025-08-01,2025-08-01 10:08:38.500,IO2508-P-3650,2.2,1.8,2.2
2025-08-01,2025-08-01 10:08:39.000,IO2508-P-3650,2.2,1.8,2.2
2025-08-01,2025-08-01 10:08:51.500,IO2508-P-3650,2.2,1.8,2.2
2025-08-01,2025-08-01 10:08:55.500,IO2508-P-3650,2.2,1.8,2.2
2025-08-01,2025-08-01 10:08:56.500,IO2508-P-3650,2.2,1.8,2.2
2025-08-01,2025-08-01 10:08:57.000,IO2508-P-3650,2.2,1.8,2.2
2025-08-01,2025-08-01 10:08:59.000,IO2508-P-3650,2.2,1.8,2.2
2025-08-01,2025-08-01 10:09:06.500,IO2508-P-3650,2.2,1.8,2.2
2025-08-01,2025-08-01 10:09:07.000,IO2508-P-3650,2.2,1.8,2.2
2025-08-01,2025-08-01 10:09:35.500,IO2508-P-3650,2.2,1.8,2.2
2025-08-01,2025-08-01 10:09:36.000,IO2508-P-3650,2.2,1.8,2.2
2025-08-01,2025-08-01 10:09:36.500,IO2508-P-3650,2.2,1.8,2.2
2025-08-01,2025-08-01 10:09:37.000,IO2508-P-3650,2.2,1.8,2.2
2025-08-01,2025-08-01 10:09:40.000,IO2508-P-3650,2.2,1.8,2.2
2025-08-01,2025-08-01 10:09:40.500,IO2508-P-3650,2.2,1.8,2.2
2025-08-01,2025-08-01 10:09:54.500,IO2508-P-3650,2.2,1.8,2.2
2025-08-01,2025-08-01 10:09:55.000,IO2508-P-3650,2.2,1.8,2.2
2025-08-01,2025-08-01 10:09:56.500,IO2508-P-3650,2.2,1.8,2.2
2025-08-01,2025-08-01 10:10:00.000,IO2508-P-3650,2.2,1.8,2.2
2025-08-01,2025-08-01 10:10:06.500,IO2508-P-3650,2.2,1.8,2.2
2025-08-01,2025-08-01 10:10:07.000,IO2508-P-3650,2.2,1.8,2.2
2025-08-01,2025-08-01 10:10:20.500,IO2508-P-3650,2.2,1.8,2.2
2025-08-01,2025-08-01 10:10:21.000,IO2508-P-3650,2.2,1.8,2.2
2025-08-01,2025-08-01 10:10:31.000,IO2508-P-3650,2.2,1.8,2.2
2025-08-01,2025-08-01 10:10:31.500,IO2508-P-3650,2.2,1.8,2.2
2025-08-01,2025-08-01 10:10:32.500,IO2508-P-3650,2.2,1.8,2.2
2025-08-01,2025-08-01 10:10:33.000,IO2508-P-3650,2.2,1.8,2.2
2025-08-01,2025-08-01 10:10:36.000,IO2508-P-3650,2.2,1.8,2.2
2025-08-01,2025-08-01 10:10:36.500,IO2508-P-3650,2.2,1.8,2.2
2025-08-01,2025-08-01 10:10:37.000,IO2508-P-3650,2.2,1.8,2.2
2025-08-01,2025-08-01 10:10:44.000,IO2508-P-3650,2.2,1.8,2.2
2025-08-01,2025-08-01 10:10:45.000,IO2508-P-3650,2.2,1.8,2.2
2025-08-01,2025-08-01 10:10:45.500,IO2508-P-3650,2.2,1.8,2.2
2025-08-01,2025-08-01 10:11:04.000,IO2508-P-3650,2.2,1.8,2.2
2025-08-01,2025-08-01 10:11:06.500,IO2508-P-3650,2.2,1.8,2.2
2025-08-01,2025-08-01 10:11:07.000,IO2508-P-3650,2.2,1.8,2.2
2025-08-01,2025-08-01 10:11:08.000,IO2508-P-3650,2.2,1.8,2.2
2025-08-01,2025-08-01 10:11:21.500,IO2508-P-3650,2.2,1.8,2.2
2025-08-01,2025-08-01 10:11:30.000,IO2508-P-3650,2.2,1.8,2.2
2025-08-01,2025-08-01 10:11:30.500,IO2508-P-3650,2.2,1.8,2.2
2025-08-01,2025-08-01 10:11:35.000,IO2508-P-3650,2.2,1.8,2.2
2025-08-01,2025-08-01 10:11:36.500,IO2508-P-3650,2.2,1.8,2.2
2025-08-01,2025-08-01 10:11:37.000,IO2508-P-3650,2.2,1.8,2.2
2025-08-01,2025-08-01 10:11:42.500,IO2508-P-3650,2.2,1.8,2.2
2025-08-01,2025-08-01 10:11:43.000,IO2508-P-3650,2.2,1.8,2.2
2025-08-01,2025-08-01 10:11:48.000,IO2508-P-3650,2.2,1.8,2.2
2025-08-01,2025-08-01 10:11:48.500,IO2508-P-3650,2.2,1.8,2.2
2025-08-01,2025-08-01 10:11:49.000,IO2508-P-3650,2.2,1.8,2.2
2025-08-01,2025-08-01 10:11:49.500,IO2508-P-3650,2.2,1.8,2.2
2025-08-01,2025-08-01 10:11:50.000,IO2508-P-3650,2.2,1.8,2.2
2025-08-01,2025-08-01 10:11:50.500,IO2508-P-3650,2.2,1.8,2.2
2025-08-01,2025-08-01 10:11:51.000,IO2508-P-3650,2.2,1.8,2.2
2025-08-01,2025-08-01 10:11:51.500,IO2508-P-3650,2.2,1.8,2.2
2025-08-01,2025-08-01 10:11:52.000,IO2508-P-3650,2.2,1.8,2.2
2025-08-01,2025-08-01 10:11:52.500,IO2508-P-3650,2.2,1.8,2.2
2025-08-01,2025-08-01 10:11:53.000,IO2508-P-3650,2.2,1.8,2.2
2025-08-01,2025-08-01 10:12:06.500,IO2508-P-3650,2.2,1.8,2.2
2025-08-01,2025-08-01 10:12:07.000,IO2508-P-3650,2.2,1.8,2.2
2025-08-01,2025-08-01 10:12:07.500,IO2508-P-3650,2.2,1.8,2.2
2025-08-01,2025-08-01 10:12:13.500,IO2508-P-3650,2.2,1.8,2.2
2025-08-01,2025-08-01 10:12:14.000,IO2508-P-3650,2.2,1.8,2.2
2025-08-01,2025-08-01 10:12:36.500,IO2508-P-3650,2.2,1.8,2.2
2025-08-01,2025-08-01 10:12:37.000,IO2508-P-3650,2.2,1.8,2.2
2025-08-01,2025-08-01 10:12:55.500,IO2508-P-3650,2.2,1.8,2.2
2025-08-01,2025-08-01 10:12:59.000,IO2508-P-3650,2.2,1.8,2.2
2025-08-01,2025-08-01 10:13:05.000,IO2508-P-3650,2.2,1.8,2.2
2025-08-01,2025-08-01 10:13:06.000,IO2508-P-3650,2.2,1.8,2.2
2025-08-01,2025-08-01 10:13:06.500,IO2508-P-3650,2.2,1.8,2.2
2025-08-01,2025-08-01 10:13:07.000,IO2508-P-3650,2.2,1.8,2.2
2025-08-01,2025-08-01 10:13:36.000,IO2508-P-3650,2.2,1.8,2.2
2025-08-01,2025-08-01 10:13:36.500,IO2508-P-3650,2.2,1.8,2.2
2025-08-01,2025-08-01 10:13:37.000,IO2508-P-3650,2.2,1.8,2.2
2025-08-01,2025-08-01 10:13:38.000,IO2508-P-3650,2.2,1.8,2.2
2025-08-01,2025-08-01 10:13:39.500,IO2508-P-3650,2.2,1.8,2.2
2025-08-01,2025-08-01 10:13:44.000,IO2508-P-3650,2.2,1.8,2.2
2025-08-01,2025-08-01 10:13:44.500,IO2508-P-3650,2.2,1.8,2.2
2025-08-01,2025-08-01 10:13:51.000,IO2508-P-3650,2.2,1.8,2.2
2025-08-01,2025-08-01 10:13:51.500,IO2508-P-3650,2.2,1.8,2.2
2025-08-01,2025-08-01 10:14:02.000,IO2508-P-3650,2.2,1.8,2.2
2025-08-01,2025-08-01 10:14:02.500,IO2508-P-3650,2.2,1.8,2.2
2025-08-01,2025-08-01 10:14:04.000,IO2508-P-3650,2.2,1.8,2.2
2025-08-01,2025-08-01 10:14:06.500,IO2508-P-3650,2.2,1.8,2.2
2025-08-01,2025-08-01 10:14:07.000,IO2508-P-3650,2.2,1.8,2.2
2025-08-01,2025-08-01 10:14:07.500,IO2508-P-3650,2.2,1.8,2.2
2025-08-01,2025-08-01 10:14:08.000,IO2508-P-3650,2.2,1.8,2.2
2025-08-01,2025-08-01 10:14:08.500,IO2508-P-3650,2.2,1.8,2.2
2025-08-01,2025-08-01 10:14:14.500,IO2508-P-3650,2.2,1.8,2.2
2025-08-01,2025-08-01 10:14:15.000,IO2508-P-3650,2.2,1.8,2.2
2025-08-01,2025-08-01 10:14:15.500,IO2508-P-3650,2.2,1.8,2.2
2025-08-01,2025-08-01 10:14:16.000,IO2508-P-3650,2.2,1.8,2.2
2025-08-01,2025-08-01 10:14:16.500,IO2508-P-3650,2.2,1.8,2.2
2025-08-01,2025-08-01 10:14:21.500,IO2508-P-3650,2.2,1.8,2.2
2025-08-01,2025-08-01 10:14:24.500,IO2508-P-3650,2.2,1.8,2.2
2025-08-01,2025-08-01 10:14:25.000,IO2508-P-3650,2.2,1.8,2.2
2025-08-01,2025-08-01 10:14:25.500,IO2508-P-3650,2.2,1.8,2.2
2025-08-01,2025-08-01 10:14:36.500,IO2508-P-3650,2.2,1.8,2.2
2025-08-01,2025-08-01 10:14:37.000,IO2508-P-3650,2.2,1.8,2.2
2025-08-01,2025-08-01 10:14:38.000,IO2508-P-3650,2.2,1.8,2.2
2025-08-01,2025-08-01 10:14:51.500,IO2508-P-3650,2.2,1.8,2.2
2025-08-01,2025-08-01 10:14:56.500,IO2508-P-3650,2.2,1.8,2.2
2025-08-01,2025-08-01 10:15:06.500,IO2508-P-3650,2.2,1.8,2.2
2025-08-01,2025-08-01 10:15:07.000,IO2508-P-3650,2.2,1.8,2.2
2025-08-01,2025-08-01 10:15:12.000,IO2508-P-3650,2.2,1.8,2.2
2025-08-01,2025-08-01 10:15:12.500,IO2508-P-3650,2.2,1.8,2.2
2025-08-01,2025-08-01 10:15:13.500,IO2508-P-3650,2.2,1.8,2.2
2025-08-01,2025-08-01 10:15:15.000,IO2508-P-3650,2.2,1.8,2.2
2025-08-01,2025-08-01 10:15:15.500,IO2508-P-3650,2.2,1.8,2.2
2025-08-01,2025-08-01 10:15:16.000,IO2508-P-3650,2.2,1.8,2.2
2025-08-01,2025-08-01 10:15:17.000,IO2508-P-3650,2.2,1.8,2.2
2025-08-01,2025-08-01 10:15:18.500,IO2508-P-3650,2.2,1.8,2.2
2025-08-01,2025-08-01 10:15:36.500,IO2508-P-3650,2.2,1.8,2.2
2025-08-01,2025-08-01 10:15:37.000,IO2508-P-3650,2.2,1.8,2.2
2025-08-01,2025-08-01 10:15:37.500,IO2508-P-3650,2.2,1.8,2.2
2025-08-01,2025-08-01 10:15:39.000,IO2508-P-3650,2.2,1.8,2.2
2025-08-01,2025-08-01 10:15:50.000,IO2508-P-3650,2.2,1.8,2.2
2025-08-01,2025-08-01 10:15:56.500,IO2508-P-3650,2.2,1.8,2.2
2025-08-01,2025-08-01 10:15:57.000,IO2508-P-3650,2.2,1.8,2.2
2025-08-01,2025-08-01 10:16:05.500,IO2508-P-3650,2.2,1.8,2.2
2025-08-01,2025-08-01 10:16:06.000,IO2508-P-3650,2.2,1.8,2.2
2025-08-01,2025-08-01 10:16:06.500,IO2508-P-3650,2.2,1.8,2.2
2025-08-01,2025-08-01 10:16:07.000,IO2508-P-3650,2.2,1.8,2.2
2025-08-01,2025-08-01 10:16:08.000,IO2508-P-3650,2.2,1.8,2.2
2025-08-01,2025-08-01 10:16:08.500,IO2508-P-3650,2.2,1.8,2.2
2025-08-01,2025-08-01 10:16:15.000,IO2508-P-3650,2.2,1.8,2.2
2025-08-01,2025-08-01 10:16:24.000,IO2508-P-3650,2.2,1.8,2.2
2025-08-01,2025-08-01 10:16:25.000,IO2508-P-3650,2.2,1.8,2.2
2025-08-01,2025-08-01 10:16:35.500,IO2508-P-3650,2.2,1.8,2.2
2025-08-01,2025-08-01 10:16:36.500,IO2508-P-3650,2.2,1.8,2.2
2025-08-01,2025-08-01 10:16:37.000,IO2508-P-3650,2.2,1.8,2.2
2025-08-01,2025-08-01 10:16:38.000,IO2508-P-3650,2.2,1.8,2.2
2025-08-01,2025-08-01 10:16:38.500,IO2508-P-3650,2.2,1.8,2.2
2025-08-01,2025-08-01 10:16:41.000,IO2508-P-3650,2.2,1.8,2.2
2025-08-01,2025-08-01 10:16:42.000,IO2508-P-3650,2.2,1.8,2.2
2025-08-01,2025-08-01 10:16:59.500,IO2508-P-3650,2.2,1.8,2.2
2025-08-01,2025-08-01 10:17:00.500,IO2508-P-3650,2.2,1.8,2.2
2025-08-01,2025-08-01 10:17:03.500,IO2508-P-3650,2.2,1.8,2.2
2025-08-01,2025-08-01 10:17:04.000,IO2508-P-3650,2.2,1.8,2.2
2025-08-01,2025-08-01 10:17:06.500,IO2508-P-3650,2.2,1.8,2.2
2025-08-01,2025-08-01 10:17:07.000,IO2508-P-3650,2.2,1.8,2.2
2025-08-01,2025-08-01 10:17:11.500,IO2508-P-3650,2.2,1.8,2.2
2025-08-01,2025-08-01 10:17:12.000,IO2508-P-3650,2.2,1.8,2.2
2025-08-01,2025-08-01 10:17:13.500,IO2508-P-3650,2.2,1.8,2.2
2025-08-01,2025-08-01 10:17:14.500,IO2508-P-3650,2.2,1.8,2.2
2025-08-01,2025-08-01 10:17:20.500,IO2508-P-3650,2.2,1.8,2.2
2025-08-01,2025-08-01 10:17:21.500,IO2508-P-3650,2.2,1.8,2.2
2025-08-01,2025-08-01 10:17:27.000,IO2508-P-3650,2.2,1.8,2.2
2025-08-01,2025-08-01 10:17:36.500,IO2508-P-3650,2.2,1.8,2.2
2025-08-01,2025-08-01 10:17:37.000,IO2508-P-3650,2.2,1.8,2.2
2025-08-01,2025-08-01 10:17:42.000,IO2508-P-3650,2.2,1.8,2.2
2025-08-01,2025-08-01 10:17:42.500,IO2508-P-3650,2.2,1.8,2.2
2025-08-01,2025-08-01 10:17:43.000,IO2508-P-3650,2.2,1.8,2.2
2025-08-01,2025-08-01 10:17:47.500,IO2508-P-3650,2.2,1.8,2.2
2025-08-01,2025-08-01 10:17:49.000,IO2508-P-3650,2.2,1.8,2.2
2025-08-01,2025-08-01 10:17:51.000,IO2508-P-3650,2.2,1.8,2.2
2025-08-01,2025-08-01 10:17:56.500,IO2508-P-3650,2.2,1.8,2.2
2025-08-01,2025-08-01 10:17:58.000,IO2508-P-3650,2.2,1.8,2.2
2025-08-01,2025-08-01 10:18:06.500,IO2508-P-3650,2.2,1.8,2.2
2025-08-01,2025-08-01 10:18:07.000,IO2508-P-3650,2.2,1.8,2.2
2025-08-01,2025-08-01 10:18:17.000,IO2508-P-3650,2.2,1.8,2.2
2025-08-01,2025-08-01 10:18:18.000,IO2508-P-3650,2.2,1.8,2.2
2025-08-01,2025-08-01 10:18:25.500,IO2508-P-3650,2.2,1.8,2.2
2025-08-01,2025-08-01 10:18:32.500,IO2508-P-3650,2.2,1.8,2.2
2025-08-01,2025-08-01 10:18:33.000,IO2508-P-3650,2.2,1.8,2.2
2025-08-01,2025-08-01 10:18:33.500,IO2508-P-3650,2.2,1.8,2.2
2025-08-01,2025-08-01 10:18:36.500,IO2508-P-3650,2.2,1.8,2.2
2025-08-01,2025-08-01 10:18:37.000,IO2508-P-3650,2.2,1.8,2.2
2025-08-01,2025-08-01 10:18:55.500,IO2508-P-3650,2.2,1.8,2.2
2025-08-01,2025-08-01 10:19:06.500,IO2508-P-3650,2.2,1.8,2.2
2025-08-01,2025-08-01 10:19:07.000,IO2508-P-3650,2.2,1.8,2.2
2025-08-01,2025-08-01 10:19:07.500,IO2508-P-3650,2.2,1.8,2.2
2025-08-01,2025-08-01 10:19:09.500,IO2508-P-3650,2.2,1.8,2.2
2025-08-01,2025-08-01 10:19:14.000,IO2508-P-3650,2.2,1.8,2.2
2025-08-01,2025-08-01 10:19:14.500,IO2508-P-3650,2.2,1.8,2.2
2025-08-01,2025-08-01 10:19:17.000,IO2508-P-3650,2.2,1.8,2.2
2025-08-01,2025-08-01 10:19:36.000,IO2508-P-3650,2.2,1.8,2.2
2025-08-01,2025-08-01 10:19:36.500,IO2508-P-3650,2.2,1.8,2.2
2025-08-01,2025-08-01 10:19:37.000,IO2508-P-3650,2.2,1.8,2.2
2025-08-01,2025-08-01 10:19:38.000,IO2508-P-3650,2.2,1.8,2.2
2025-08-01,2025-08-01 10:19:44.000,IO2508-P-3650,2.2,1.8,2.2
2025-08-01,2025-08-01 10:19:44.500,IO2508-P-3650,2.2,1.8,2.2
2025-08-01,2025-08-01 10:19:47.500,IO2508-P-3650,2.2,1.8,2.2
2025-08-01,2025-08-01 10:20:03.000,IO2508-P-3650,2.2,1.8,2.2
2025-08-01,2025-08-01 10:20:06.000,IO2508-P-3650,2.2,1.8,2.2
2025-08-01,2025-08-01 10:20:06.500,IO2508-P-3650,2.2,1.8,2.2
2025-08-01,2025-08-01 10:20:07.000,IO2508-P-3650,2.2,1.8,2.2
2025-08-01,2025-08-01 10:20:08.000,IO2508-P-3650,2.2,1.8,2.2
2025-08-01,2025-08-01 10:20:21.500,IO2508-P-3650,2.2,1.8,2.2
2025-08-01,2025-08-01 10:20:22.000,IO2508-P-3650,2.2,1.8,2.2
2025-08-01,2025-08-01 10:20:36.500,IO2508-P-3650,2.2,1.8,2.2
2025-08-01,2025-08-01 10:20:37.000,IO2508-P-3650,2.2,1.8,2.2
2025-08-01,2025-08-01 10:20:49.000,IO2508-P-3650,2.2,1.8,2.2
2025-08-01,2025-08-01 10:20:49.500,IO2508-P-3650,2.2,1.8,2.2
2025-08-01,2025-08-01 10:20:50.000,IO2508-P-3650,2.2,1.8,2.2
2025-08-01,2025-08-01 10:20:50.500,IO2508-P-3650,2.2,1.8,2.2
2025-08-01,2025-08-01 10:20:51.000,IO2508-P-3650,2.2,1.8,2.2
2025-08-01,2025-08-01 10:20:52.000,IO2508-P-3650,2.2,1.8,2.2
2025-08-01,2025-08-01 10:20:55.500,IO2508-P-3650,2.2,1.8,2.2
2025-08-01,2025-08-01 10:21:00.000,IO2508-P-3650,2.2,1.8,2.2
2025-08-01,2025-08-01 10:21:00.500,IO2508-P-3650,2.2,1.8,2.2
2025-08-01,2025-08-01 10:21:06.500,IO2508-P-3650,2.2,1.8,2.2
2025-08-01,2025-08-01 10:21:07.000,IO2508-P-3650,2.2,1.8,2.2
2025-08-01,2025-08-01 10:21:08.000,IO2508-P-3650,2.2,1.8,2.2
2025-08-01,2025-08-01 10:21:09.000,IO2508-P-3650,2.2,1.8,2.2
2025-08-01,2025-08-01 10:21:09.500,IO2508-P-3650,2.2,1.8,2.2
2025-08-01,2025-08-01 10:21:11.500,IO2508-P-3650,2.2,1.8,2.2
2025-08-01,2025-08-01 10:21:12.000,IO2508-P-3650,2.2,1.8,2.2
2025-08-01,2025-08-01 10:21:13.000,IO2508-P-3650,2.2,1.8,2.2
2025-08-01,2025-08-01 10:21:15.500,IO2508-P-3650,2.2,1.8,2.2
2025-08-01,2025-08-01 10:21:16.500,IO2508-P-3650,2.2,1.8,2.2
2025-08-01,2025-08-01 10:21:20.000,IO2508-P-3650,2.2,1.8,2.2
2025-08-01,2025-08-01 10:21:26.500,IO2508-P-3650,2.2,1.8,2.2
2025-08-01,2025-08-01 10:21:36.500,IO2508-P-3650,2.2,1.8,2.2
2025-08-01,2025-08-01 10:21:37.000,IO2508-P-3650,2.2,1.8,2.2
2025-08-01,2025-08-01 10:21:41.000,IO2508-P-3650,2.2,1.8,2.2
2025-08-01,2025-08-01 10:21:43.000,IO2508-P-3650,2.2,1.8,2.2
2025-08-01,2025-08-01 10:21:44.500,IO2508-P-3650,2.2,1.8,2.2
2025-08-01,2025-08-01 10:21:47.500,IO2508-P-3650,2.2,1.8,2.2
2025-08-01,2025-08-01 10:21:49.000,IO2508-P-3650,2.2,1.8,2.2
2025-08-01,2025-08-01 10:22:00.000,IO2508-P-3650,2.2,1.8,2.2
2025-08-01,2025-08-01 10:22:04.000,IO2508-P-3650,2.2,1.8,2.2
2025-08-01,2025-08-01 10:22:06.500,IO2508-P-3650,2.2,1.8,2.2
2025-08-01,2025-08-01 10:22:07.000,IO2508-P-3650,2.2,1.8,2.2
2025-08-01,2025-08-01 10:22:29.000,IO2508-P-3650,2.2,1.8,2.2
2025-08-01,2025-08-01 10:22:29.500,IO2508-P-3650,2.2,1.8,2.2
2025-08-01,2025-08-01 10:22:30.000,IO2508-P-3650,2.2,1.8,2.2
2025-08-01,2025-08-01 10:22:30.500,IO2508-P-3650,2.2,1.8,2.2
2025-08-01,2025-08-01 10:22:31.500,IO2508-P-3650,2.2,1.8,2.2
2025-08-01,2025-08-01 10:22:32.000,IO2508-P-3650,2.2,1.8,2.2
2025-08-01,2025-08-01 10:22:32.500,IO2508-P-3650,2.2,1.8,2.2
2025-08-01,2025-08-01 10:22:36.500,IO2508-P-3650,2.2,1.8,2.2
2025-08-01,2025-08-01 10:22:37.000,IO2508-P-3650,2.2,1.8,2.2
2025-08-01,2025-08-01 10:22:47.000,IO2508-P-3650,2.2,1.8,2.2
2025-08-01,2025-08-01 10:22:48.500,IO2508-P-3650,2.2,1.8,2.2
2025-08-01,2025-08-01 10:22:49.000,IO2508-P-3650,2.2,1.8,2.2
2025-08-01,2025-08-01 10:22:51.500,IO2508-P-3650,2.2,1.8,2.2
2025-08-01,2025-08-01 10:22:52.000,IO2508-P-3650,2.2,1.8,2.2
2025-08-01,2025-08-01 10:23:06.000,IO2508-P-3650,2.2,1.8,2.2
2025-08-01,2025-08-01 10:23:06.500,IO2508-P-3650,2.2,1.8,2.2
2025-08-01,2025-08-01 10:23:07.000,IO2508-P-3650,2.2,1.8,2.2
2025-08-01,2025-08-01 10:23:11.500,IO2508-P-3650,2.2,1.8,2.2
2025-08-01,2025-08-01 10:23:12.000,IO2508-P-3650,2.2,1.8,2.2
2025-08-01,2025-08-01 10:23:12.500,IO2508-P-3650,2.2,1.8,2.2
2025-08-01,2025-08-01 10:23:17.000,IO2508-P-3650,2.2,1.8,2.2
2025-08-01,2025-08-01 10:23:17.500,IO2508-P-3650,2.2,1.8,2.2
2025-08-01,2025-08-01 10:23:36.500,IO2508-P-3650,2.2,1.8,2.2
2025-08-01,2025-08-01 10:23:37.000,IO2508-P-3650,2.2,1.8,2.2
2025-08-01,2025-08-01 10:23:55.500,IO2508-P-3650,2.2,1.8,2.2
2025-08-01,2025-08-01 10:23:56.000,IO2508-P-3650,2.2,1.8,2.2
2025-08-01,2025-08-01 10:24:02.000,IO2508-P-3650,2.2,1.8,2.2
2025-08-01,2025-08-01 10:24:03.000,IO2508-P-3650,2.2,1.8,2.2
2025-08-01,2025-08-01 10:24:06.500,IO2508-P-3650,2.2,1.8,2.2
2025-08-01,2025-08-01 10:24:07.000,IO2508-P-3650,2.2,1.8,2.2
2025-08-01,2025-08-01 10:24:22.000,IO2508-P-3650,2.2,1.8,2.2
2025-08-01,2025-08-01 10:24:25.000,IO2508-P-3650,2.2,1.8,2.2
2025-08-01,2025-08-01 10:24:25.500,IO2508-P-3650,2.2,1.8,2.2
2025-08-01,2025-08-01 10:24:29.500,IO2508-P-3650,2.2,1.8,2.2
2025-08-01,2025-08-01 10:24:30.000,IO2508-P-3650,2.2,1.8,2.2
2025-08-01,2025-08-01 10:24:34.500,IO2508-P-3650,2.2,1.8,2.2
2025-08-01,2025-08-01 10:24:35.000,IO2508-P-3650,2.2,1.8,2.2
2025-08-01,2025-08-01 10:24:35.500,IO2508-P-3650,2.2,1.8,2.2
2025-08-01,2025-08-01 10:24:36.500,IO2508-P-3650,2.2,1.8,2.2
2025-08-01,2025-08-01 10:24:37.000,IO2508-P-3650,2.2,1.8,2.2
2025-08-01,2025-08-01 10:24:45.500,IO2508-P-3650,2.2,1.8,2.2
2025-08-01,2025-08-01 10:24:47.000,IO2508-P-3650,2.2,1.8,2.2
2025-08-01,2025-08-01 10:24:48.000,IO2508-P-3650,2.2,1.8,2.2
2025-08-01,2025-08-01 10:24:54.000,IO2508-P-3650,2.2,1.8,2.2
2025-08-01,2025-08-01 10:24:54.500,IO2508-P-3650,2.2,1.8,2.2
2025-08-01,2025-08-01 10:25:03.000,IO2508-P-3650,2.2,1.8,2.2
2025-08-01,2025-08-01 10:25:06.500,IO2508-P-3650,2.2,1.8,2.2
2025-08-01,2025-08-01 10:25:07.000,IO2508-P-3650,2.2,1.8,2.2
2025-08-01,2025-08-01 10:25:10.500,IO2508-P-3650,2.2,1.8,2.2
2025-08-01,2025-08-01 10:25:11.000,IO2508-P-3650,2.2,1.8,2.2
2025-08-01,2025-08-01 10:25:11.500,IO2508-P-3650,2.2,1.8,2.2
2025-08-01,2025-08-01 10:25:12.000,IO2508-P-3650,2.2,1.8,2.2
2025-08-01,2025-08-01 10:25:12.500,IO2508-P-3650,2.2,1.8,2.2
2025-08-01,2025-08-01 10:25:21.000,IO2508-P-3650,2.2,1.8,2.2
2025-08-01,2025-08-01 10:25:28.000,IO2508-P-3650,2.2,1.8,2.2
2025-08-01,2025-08-01 10:25:28.500,IO2508-P-3650,2.2,1.8,2.2
2025-08-01,2025-08-01 10:25:36.500,IO2508-P-3650,2.2,1.8,2.2
2025-08-01,2025-08-01 10:25:37.000,IO2508-P-3650,2.2,1.8,2.2
2025-08-01,2025-08-01 10:25:41.500,IO2508-P-3650,2.2,1.8,2.2
2025-08-01,2025-08-01 10:25:42.500,IO2508-P-3650,2.2,1.8,2.2
2025-08-01,2025-08-01 10:25:43.000,IO2508-P-3650,2.2,1.8,2.2
2025-08-01,2025-08-01 10:25:44.000,IO2508-P-3650,2.2,1.8,2.2
2025-08-01,2025-08-01 10:25:48.500,IO2508-P-3650,2.2,1.8,2.2
2025-08-01,2025-08-01 10:25:56.000,IO2508-P-3650,2.2,1.8,2.2
2025-08-01,2025-08-01 10:26:06.500,IO2508-P-3650,2.2,1.8,2.2
2025-08-01,2025-08-01 10:26:07.000,IO2508-P-3650,2.2,1.8,2.2
2025-08-01,2025-08-01 10:26:08.500,IO2508-P-3650,2.2,1.8,2.2
2025-08-01,2025-08-01 10:26:15.000,IO2508-P-3650,2.2,1.8,2.2
2025-08-01,2025-08-01 10:26:15.500,IO2508-P-3650,2.2,1.8,2.2
2025-08-01,2025-08-01 10:26:16.000,IO2508-P-3650,2.2,1.8,2.2
2025-08-01,2025-08-01 10:26:24.500,IO2508-P-3650,2.2,1.8,2.2
2025-08-01,2025-08-01 10:26:25.500,IO2508-P-3650,2.2,1.8,2.2
2025-08-01,2025-08-01 10:26:26.000,IO2508-P-3650,2.2,1.8,2.2
2025-08-01,2025-08-01 10:26:32.000,IO2508-P-3650,2.2,1.8,2.2
2025-08-01,2025-08-01 10:26:32.500,IO2508-P-3650,2.2,1.8,2.2
2025-08-01,2025-08-01 10:26:33.000,IO2508-P-3650,2.2,1.8,2.2
2025-08-01,2025-08-01 10:26:36.500,IO2508-P-3650,2.2,1.8,2.2
2025-08-01,2025-08-01 10:26:37.000,IO2508-P-3650,2.2,1.8,2.2
2025-08-01,2025-08-01 10:26:46.500,IO2508-P-3650,2.2,1.8,2.2
2025-08-01,2025-08-01 10:26:47.000,IO2508-P-3650,2.2,1.8,2.2
2025-08-01,2025-08-01 10:26:47.500,IO2508-P-3650,2.2,1.8,2.2
2025-08-01,2025-08-01 10:26:56.000,IO2508-P-3650,2.2,1.8,2.2
2025-08-01,2025-08-01 10:26:56.500,IO2508-P-3650,2.2,1.8,2.2
2025-08-01,2025-08-01 10:26:57.000,IO2508-P-3650,2.2,1.8,2.2
2025-08-01,2025-08-01 10:27:01.500,IO2508-P-3650,2.2,1.8,2.2
2025-08-01,2025-08-01 10:27:06.500,IO2508-P-3650,2.2,1.8,2.2
2025-08-01,2025-08-01 10:27:07.000,IO2508-P-3650,2.2,1.8,2.2
2025-08-01,2025-08-01 10:27:35.000,IO2508-P-3650,2.2,1.8,2.2
2025-08-01,2025-08-01 10:27:35.500,IO2508-P-3650,2.2,1.8,2.2
2025-08-01,2025-08-01 10:27:36.000,IO2508-P-3650,2.2,1.8,2.2
2025-08-01,2025-08-01 10:27:36.500,IO2508-P-3650,2.2,1.8,2.2
2025-08-01,2025-08-01 10:27:37.000,IO2508-P-3650,2.2,1.8,2.2
2025-08-01,2025-08-01 10:27:38.000,IO2508-P-3650,2.2,1.8,2.2
2025-08-01,2025-08-01 10:27:39.500,IO2508-P-3650,2.2,1.8,2.2
2025-08-01,2025-08-01 10:27:41.500,IO2508-P-3650,2.2,1.8,2.2
2025-08-01,2025-08-01 10:27:46.000,IO2508-P-3650,2.2,1.8,2.2
2025-08-01,2025-08-01 10:27:50.000,IO2508-P-3650,2.2,1.8,2.2
2025-08-01,2025-08-01 10:27:56.500,IO2508-P-3650,2.2,1.8,2.2
2025-08-01,2025-08-01 10:27:57.500,IO2508-P-3650,2.2,1.8,2.2
2025-08-01,2025-08-01 10:27:58.500,IO2508-P-3650,2.2,1.8,2.2
2025-08-01,2025-08-01 10:28:04.000,IO2508-P-3650,2.2,1.8,2.2
2025-08-01,2025-08-01 10:28:04.500,IO2508-P-3650,2.2,1.8,2.2
2025-08-01,2025-08-01 10:28:06.000,IO2508-P-3650,2.2,1.8,2.2
2025-08-01,2025-08-01 10:28:06.500,IO2508-P-3650,2.2,1.8,2.2
2025-08-01,2025-08-01 10:28:07.000,IO2508-P-3650,2.2,1.8,2.2
2025-08-01,2025-08-01 10:28:19.000,IO2508-P-3650,2.2,1.8,2.2
2025-08-01,2025-08-01 10:28:19.500,IO2508-P-3650,2.2,1.8,2.2
2025-08-01,2025-08-01 10:28:20.500,IO2508-P-3650,2.2,1.8,2.2
2025-08-01,2025-08-01 10:28:21.000,IO2508-P-3650,2.2,1.8,2.2
2025-08-01,2025-08-01 10:28:21.500,IO2508-P-3650,2.2,1.8,2.2
2025-08-01,2025-08-01 10:28:25.500,IO2508-P-3650,2.2,1.8,2.2
2025-08-01,2025-08-01 10:28:26.000,IO2508-P-3650,2.2,1.8,2.2
2025-08-01,2025-08-01 10:28:31.500,IO2508-P-3650,2.2,1.8,2.2
2025-08-01,2025-08-01 10:28:35.000,IO2508-P-3650,2.2,1.8,2.2
2025-08-01,2025-08-01 10:28:35.500,IO2508-P-3650,2.2,1.8,2.2
2025-08-01,2025-08-01 10:28:36.000,IO2508-P-3650,2.2,1.8,2.2
2025-08-01,2025-08-01 10:28:36.500,IO2508-P-3650,2.2,1.8,2.2
2025-08-01,2025-08-01 10:28:37.000,IO2508-P-3650,2.2,1.8,2.2
2025-08-01,2025-08-01 10:28:37.500,IO2508-P-3650,2.2,1.8,2.2
2025-08-01,2025-08-01 10:28:38.000,IO2508-P-3650,2.2,1.8,2.2
2025-08-01,2025-08-01 10:28:38.500,IO2508-P-3650,2.2,1.8,2.2
2025-08-01,2025-08-01 10:28:39.000,IO2508-P-3650,2.2,1.8,2.2
2025-08-01,2025-08-01 10:28:54.000,IO2508-P-3650,2.2,1.8,2.2
2025-08-01,2025-08-01 10:28:54.500,IO2508-P-3650,2.2,1.8,2.2
2025-08-01,2025-08-01 10:28:55.000,IO2508-P-3650,2.2,1.8,2.2
2025-08-01,2025-08-01 10:28:56.000,IO2508-P-3650,2.2,1.8,2.2
2025-08-01,2025-08-01 10:29:03.500,IO2508-P-3650,2.2,1.8,2.2
2025-08-01,2025-08-01 10:29:06.500,IO2508-P-3650,2.2,1.8,2.2
2025-08-01,2025-08-01 10:29:07.000,IO2508-P-3650,2.2,1.8,2.2
2025-08-01,2025-08-01 10:29:33.500,IO2508-P-3650,2.2,1.8,2.2
2025-08-01,2025-08-01 10:29:36.500,IO2508-P-3650,2.2,1.8,2.2
2025-08-01,2025-08-01 10:29:37.000,IO2508-P-3650,2.2,1.8,2.2
2025-08-01,2025-08-01 10:29:48.500,IO2508-P-3650,2.2,1.8,2.2
2025-08-01,2025-08-01 10:29:49.000,IO2508-P-3650,2.2,1.8,2.2
2025-08-01,2025-08-01 10:29:49.500,IO2508-P-3650,2.2,1.8,2.2
2025-08-01,2025-08-01 10:29:50.000,IO2508-P-3650,2.2,1.8,2.2
2025-08-01,2025-08-01 10:30:01.000,IO2508-P-3650,2.2,1.8,2.2
2025-08-01,2025-08-01 10:30:01.500,IO2508-P-3650,2.2,1.8,2.2
2025-08-01,2025-08-01 10:30:02.000,IO2508-P-3650,2.2,1.8,2.2
2025-08-01,2025-08-01 10:30:04.500,IO2508-P-3650,2.2,1.8,2.2
2025-08-01,2025-08-01 10:30:05.000,IO2508-P-3650,2.2,1.8,2.2
2025-08-01,2025-08-01 10:30:05.500,IO2508-P-3650,2.2,1.8,2.2
2025-08-01,2025-08-01 10:30:06.500,IO2508-P-3650,2.2,1.8,2.2
2025-08-01,2025-08-01 10:30:07.000,IO2508-P-3650,2.2,1.8,2.2
2025-08-01,2025-08-01 10:30:08.000,IO2508-P-3650,2.2,1.8,2.2
2025-08-01,2025-08-01 10:30:08.500,IO2508-P-3650,2.2,1.8,2.2
2025-08-01,2025-08-01 10:30:09.000,IO2508-P-3650,2.2,1.8,2.2
2025-08-01,2025-08-01 10:30:10.000,IO2508-P-3650,2.2,1.8,2.2
2025-08-01,2025-08-01 10:30:10.500,IO2508-P-3650,2.2,1.8,2.2
2025-08-01,2025-08-01 10:30:11.000,IO2508-P-3650,2.2,1.8,2.2
2025-08-01,2025-08-01 10:30:11.500,IO2508-P-3650,2.2,1.8,2.2
2025-08-01,2025-08-01 10:30:18.500,IO2508-P-3650,2.2,1.8,2.2
2025-08-01,2025-08-01 10:30:19.000,IO2508-P-3650,2.2,1.8,2.2
2025-08-01,2025-08-01 10:30:22.000,IO2508-P-3650,2.2,1.8,2.2
2025-08-01,2025-08-01 10:30:22.500,IO2508-P-3650,2.2,1.8,2.2
2025-08-01,2025-08-01 10:30:23.000,IO2508-P-3650,2.2,1.8,2.2
2025-08-01,2025-08-01 10:30:33.500,IO2508-P-3650,2.2,1.8,2.2
2025-08-01,2025-08-01 10:30:34.000,IO2508-P-3650,2.2,1.8,2.2
2025-08-01,2025-08-01 10:30:34.500,IO2508-P-3650,2.2,1.8,2.2
2025-08-01,2025-08-01 10:30:35.000,IO2508-P-3650,2.2,1.8,2.2
2025-08-01,2025-08-01 10:30:36.500,IO2508-P-3650,2.2,1.8,2.2
2025-08-01,2025-08-01 10:30:37.000,IO2508-P-3650,2.2,1.8,2.2
2025-08-01,2025-08-01 10:30:41.000,IO2508-P-3650,2.2,1.8,2.2
2025-08-01,2025-08-01 10:30:41.500,IO2508-P-3650,2.2,1.8,2.2
2025-08-01,2025-08-01 10:31:06.500,IO2508-P-3650,2.2,1.8,2.2
2025-08-01,2025-08-01 10:31:07.000,IO2508-P-3650,2.2,1.8,2.2
2025-08-01,2025-08-01 10:31:25.500,IO2508-P-3650,2.2,1.8,2.2
2025-08-01,2025-08-01 10:31:26.000,IO2508-P-3650,2.2,1.8,2.2
2025-08-01,2025-08-01 10:31:27.000,IO2508-P-3650,2.2,1.8,2.2
2025-08-01,2025-08-01 10:31:27.500,IO2508-P-3650,2.2,1.8,2.2
2025-08-01,2025-08-01 10:31:29.000,IO2508-P-3650,2.2,1.8,2.2
2025-08-01,2025-08-01 10:31:29.500,IO2508-P-3650,2.2,1.8,2.2
2025-08-01,2025-08-01 10:31:36.500,IO2508-P-3650,2.2,1.8,2.2
2025-08-01,2025-08-01 10:31:37.000,IO2508-P-3650,2.2,1.8,2.2
2025-08-01,2025-08-01 10:31:39.500,IO2508-P-3650,2.2,1.8,2.2
2025-08-01,2025-08-01 10:31:40.000,IO2508-P-3650,2.2,1.8,2.2
2025-08-01,2025-08-01 10:31:41.500,IO2508-P-3650,2.2,1.8,2.2
2025-08-01,2025-08-01 10:31:42.000,IO2508-P-3650,2.2,1.8,2.2
2025-08-01,2025-08-01 10:31:42.500,IO2508-P-3650,2.2,1.8,2.2
2025-08-01,2025-08-01 10:31:43.000,IO2508-P-3650,2.2,1.8,2.2
2025-08-01,2025-08-01 10:31:43.500,IO2508-P-3650,2.2,1.8,2.2
2025-08-01,2025-08-01 10:31:56.500,IO2508-P-3650,2.2,1.8,2.2
2025-08-01,2025-08-01 10:31:57.000,IO2508-P-3650,2.2,1.8,2.2
2025-08-01,2025-08-01 10:32:06.500,IO2508-P-3650,2.2,1.8,2.2
2025-08-01,2025-08-01 10:32:07.000,IO2508-P-3650,2.2,1.8,2.2
2025-08-01,2025-08-01 10:32:36.500,IO2508-P-3650,2.2,1.8,2.2
2025-08-01,2025-08-01 10:32:37.000,IO2508-P-3650,2.2,1.8,2.2
2025-08-01,2025-08-01 10:32:38.500,IO2508-P-3650,2.2,1.8,2.2
2025-08-01,2025-08-01 10:32:44.000,IO2508-P-3650,2.2,1.8,2.2
2025-08-01,2025-08-01 10:32:54.000,IO2508-P-3650,2.2,1.8,2.2
2025-08-01,2025-08-01 10:32:54.500,IO2508-P-3650,2.2,1.8,2.2
2025-08-01,2025-08-01 10:32:55.000,IO2508-P-3650,2.2,1.8,2.2
2025-08-01,2025-08-01 10:32:55.500,IO2508-P-3650,2.2,1.8,2.2
2025-08-01,2025-08-01 10:32:59.000,IO2508-P-3650,2.2,1.8,2.2
2025-08-01,2025-08-01 10:32:59.500,IO2508-P-3650,2.2,1.8,2.2
2025-08-01,2025-08-01 10:33:00.000,IO2508-P-3650,2.2,1.8,2.2
2025-08-01,2025-08-01 10:33:00.500,IO2508-P-3650,2.2,1.8,2.2
2025-08-01,2025-08-01 10:33:05.000,IO2508-P-3650,2.2,1.8,2.2
2025-08-01,2025-08-01 10:33:06.500,IO2508-P-3650,2.2,1.8,2.2
2025-08-01,2025-08-01 10:33:07.000,IO2508-P-3650,2.2,1.8,2.2
2025-08-01,2025-08-01 10:33:11.500,IO2508-P-3650,2.2,1.8,2.2
2025-08-01,2025-08-01 10:33:12.000,IO2508-P-3650,2.2,1.8,2.2
2025-08-01,2025-08-01 10:33:36.500,IO2508-P-3650,2.2,1.8,2.2
2025-08-01,2025-08-01 10:33:37.000,IO2508-P-3650,2.2,1.8,2.2
2025-08-01,2025-08-01 10:33:53.000,IO2508-P-3650,2.2,1.8,2.2
2025-08-01,2025-08-01 10:33:53.500,IO2508-P-3650,2.2,1.8,2.2
2025-08-01,2025-08-01 10:34:06.500,IO2508-P-3650,2.2,1.8,2.2
2025-08-01,2025-08-01 10:34:07.000,IO2508-P-3650,2.2,1.8,2.2
2025-08-01,2025-08-01 10:34:23.000,IO2508-P-3650,2.2,1.8,2.2
2025-08-01,2025-08-01 10:34:36.500,IO2508-P-3650,2.2,1.8,2.2
2025-08-01,2025-08-01 10:34:37.000,IO2508-P-3650,2.2,1.8,2.2
2025-08-01,2025-08-01 10:34:44.000,IO2508-P-3650,2.2,1.8,2.2
2025-08-01,2025-08-01 10:35:03.000,IO2508-P-3650,2.2,1.8,2.2
2025-08-01,2025-08-01 10:35:06.500,IO2508-P-3650,2.2,1.8,2.2
2025-08-01,2025-08-01 10:35:07.000,IO2508-P-3650,2.2,1.8,2.2
2025-08-01,2025-08-01 10:35:25.000,IO2508-P-3650,2.2,1.8,2.2
2025-08-01,2025-08-01 10:35:32.000,IO2508-P-3650,2.2,1.8,2.2
2025-08-01,2025-08-01 10:35:32.500,IO2508-P-3650,2.2,1.8,2.2
2025-08-01,2025-08-01 10:35:33.000,IO2508-P-3650,2.2,1.8,2.2
2025-08-01,2025-08-01 10:35:35.500,IO2508-P-3650,2.2,1.8,2.2
2025-08-01,2025-08-01 10:35:36.500,IO2508-P-3650,2.2,1.8,2.2
2025-08-01,2025-08-01 10:35:37.000,IO2508-P-3650,2.2,1.8,2.2
2025-08-01,2025-08-01 10:35:40.000,IO2508-P-3650,2.2,1.8,2.2
2025-08-01,2025-08-01 10:35:42.000,IO2508-P-3650,2.2,1.8,2.2
2025-08-01,2025-08-01 10:35:42.500,IO2508-P-3650,2.2,1.8,2.2
2025-08-01,2025-08-01 10:35:43.000,IO2508-P-3650,2.2,1.8,2.2
2025-08-01,2025-08-01 10:35:48.000,IO2508-P-3650,2.2,1.8,2.2
2025-08-01,2025-08-01 10:35:48.500,IO2508-P-3650,2.2,1.8,2.2
2025-08-01,2025-08-01 10:35:49.000,IO2508-P-3650,2.2,1.8,2.2
2025-08-01,2025-08-01 10:36:06.500,IO2508-P-3650,2.2,1.8,2.2
2025-08-01,2025-08-01 10:36:07.000,IO2508-P-3650,2.2,1.8,2.2
2025-08-01,2025-08-01 10:36:11.000,IO2508-P-3650,2.2,1.8,2.2
2025-08-01,2025-08-01 10:36:11.500,IO2508-P-3650,2.2,1.8,2.2
2025-08-01,2025-08-01 10:36:36.500,IO2508-P-3650,2.2,1.8,2.2
2025-08-01,2025-08-01 10:36:37.000,IO2508-P-3650,2.2,1.8,2.2
2025-08-01,2025-08-01 10:36:37.500,IO2508-P-3650,2.2,1.8,2.2
2025-08-01,2025-08-01 10:36:39.000,IO2508-P-3650,2.2,1.8,2.2
2025-08-01,2025-08-01 10:36:48.500,IO2508-P-3650,2.2,1.8,2.2
2025-08-01,2025-08-01 10:37:03.500,IO2508-P-3650,2.2,1.8,2.2
2025-08-01,2025-08-01 10:37:04.000,IO2508-P-3650,2.2,1.8,2.2
2025-08-01,2025-08-01 10:37:06.500,IO2508-P-3650,2.2,1.8,2.2
2025-08-01,2025-08-01 10:37:07.000,IO2508-P-3650,2.2,1.8,2.2
2025-08-01,2025-08-01 10:37:07.500,IO2508-P-3650,2.2,1.8,2.2
2025-08-01,2025-08-01 10:37:13.000,IO2508-P-3650,2.2,1.8,2.2
2025-08-01,2025-08-01 10:37:15.000,IO2508-P-3650,2.2,1.8,2.2
2025-08-01,2025-08-01 10:37:15.500,IO2508-P-3650,2.2,1.8,2.2
2025-08-01,2025-08-01 10:37:23.000,IO2508-P-3650,2.2,1.8,2.2
2025-08-01,2025-08-01 10:37:33.000,IO2508-P-3650,2.2,1.8,2.2
2025-08-01,2025-08-01 10:37:36.500,IO2508-P-3650,2.2,1.8,2.2
2025-08-01,2025-08-01 10:37:37.000,IO2508-P-3650,2.2,1.8,2.2
2025-08-01,2025-08-01 10:37:49.000,IO2508-P-3650,2.2,1.8,2.2
2025-08-01,2025-08-01 10:37:49.500,IO2508-P-3650,2.2,1.8,2.2
2025-08-01,2025-08-01 10:37:52.500,IO2508-P-3650,2.2,1.8,2.2
2025-08-01,2025-08-01 10:37:59.000,IO2508-P-3650,2.2,1.8,2.2
2025-08-01,2025-08-01 10:38:01.000,IO2508-P-3650,2.2,1.8,2.2
2025-08-01,2025-08-01 10:38:01.500,IO2508-P-3650,2.2,1.8,2.2
2025-08-01,2025-08-01 10:38:06.500,IO2508-P-3650,2.2,1.8,2.2
2025-08-01,2025-08-01 10:38:07.000,IO2508-P-3650,2.2,1.8,2.2
2025-08-01,2025-08-01 10:38:15.000,IO2508-P-3650,2.2,1.8,2.2
2025-08-01,2025-08-01 10:38:15.500,IO2508-P-3650,2.2,1.8,2.2
2025-08-01,2025-08-01 10:38:17.500,IO2508-P-3650,2.2,1.8,2.2
2025-08-01,2025-08-01 10:38:22.000,IO2508-P-3650,2.2,1.8,2.2
2025-08-01,2025-08-01 10:38:23.500,IO2508-P-3650,2.2,1.8,2.2
2025-08-01,2025-08-01 10:38:27.000,IO2508-P-3650,2.2,1.8,2.2
2025-08-01,2025-08-01 10:38:36.500,IO2508-P-3650,2.2,1.8,2.2
2025-08-01,2025-08-01 10:38:37.000,IO2508-P-3650,2.2,1.8,2.2
2025-08-01,2025-08-01 10:38:48.500,IO2508-P-3650,2.2,1.8,2.2
2025-08-01,2025-08-01 10:39:06.500,IO2508-P-3650,2.2,1.8,2.2
2025-08-01,2025-08-01 10:39:07.000,IO2508-P-3650,2.2,1.8,2.2
2025-08-01,2025-08-01 10:39:28.000,IO2508-P-3650,2.2,1.8,2.2
2025-08-01,2025-08-01 10:39:28.500,IO2508-P-3650,2.2,1.8,2.2
2025-08-01,2025-08-01 10:39:30.000,IO2508-P-3650,2.2,1.8,2.2
2025-08-01,2025-08-01 10:39:30.500,IO2508-P-3650,2.2,1.8,2.2
2025-08-01,2025-08-01 10:39:36.500,IO2508-P-3650,2.2,1.8,2.2
2025-08-01,2025-08-01 10:39:37.000,IO2508-P-3650,2.2,1.8,2.2
2025-08-01,2025-08-01 10:39:59.500,IO2508-P-3650,2.2,1.8,2.2
2025-08-01,2025-08-01 10:40:00.000,IO2508-P-3650,2.2,1.8,2.2
2025-08-01,2025-08-01 10:40:00.500,IO2508-P-3650,2.2,1.8,2.2
2025-08-01,2025-08-01 10:40:06.500,IO2508-P-3650,2.2,1.8,2.2
2025-08-01,2025-08-01 10:40:07.000,IO2508-P-3650,2.2,1.8,2.2
2025-08-01,2025-08-01 10:40:10.000,IO2508-P-3650,2.2,1.8,2.2
2025-08-01,2025-08-01 10:40:10.500,IO2508-P-3650,2.2,1.8,2.2
2025-08-01,2025-08-01 10:40:32.500,IO2508-P-3650,2.2,1.8,2.2
2025-08-01,2025-08-01 10:40:34.500,IO2508-P-3650,2.2,1.8,2.2
2025-08-01,2025-08-01 10:40:35.000,IO2508-P-3650,2.2,1.8,2.2
2025-08-01,2025-08-01 10:40:36.500,IO2508-P-3650,2.2,1.8,2.2
2025-08-01,2025-08-01 10:40:37.000,IO2508-P-3650,2.2,1.8,2.2
2025-08-01,2025-08-01 10:40:38.000,IO2508-P-3650,2.2,1.8,2.2
2025-08-01,2025-08-01 10:40:38.500,IO2508-P-3650,2.2,1.8,2.2
2025-08-01,2025-08-01 10:40:54.500,IO2508-P-3650,2.2,1.8,2.2
2025-08-01,2025-08-01 10:40:55.000,IO2508-P-3650,2.2,1.8,2.2
2025-08-01,2025-08-01 10:40:57.000,IO2508-P-3650,2.2,1.8,2.2
2025-08-01,2025-08-01 10:41:06.500,IO2508-P-3650,2.2,1.8,2.2
2025-08-01,2025-08-01 10:41:07.000,IO2508-P-3650,2.2,1.8,2.2
2025-08-01,2025-08-01 10:41:11.000,IO2508-P-3650,2.2,1.8,2.2
2025-08-01,2025-08-01 10:41:36.500,IO2508-P-3650,2.2,1.8,2.2
2025-08-01,2025-08-01 10:41:37.000,IO2508-P-3650,2.2,1.8,2.2
2025-08-01,2025-08-01 10:42:06.500,IO2508-P-3650,2.2,1.8,2.2
2025-08-01,2025-08-01 10:42:07.000,IO2508-P-3650,2.2,1.8,2.2
2025-08-01,2025-08-01 10:42:36.500,IO2508-P-3650,2.2,1.8,2.2
2025-08-01,2025-08-01 10:42:37.000,IO2508-P-3650,2.2,1.8,2.2
2025-08-01,2025-08-01 10:42:47.500,IO2508-P-3650,2.2,1.8,2.2
2025-08-01,2025-08-01 10:42:49.000,IO2508-P-3650,2.2,1.8,2.2
2025-08-01,2025-08-01 10:42:52.500,IO2508-P-3650,2.2,1.8,2.2
2025-08-01,2025-08-01 10:42:56.500,IO2508-P-3650,2.2,1.8,2.2
2025-08-01,2025-08-01 10:43:00.500,IO2508-P-3650,2.2,1.8,2.2
2025-08-01,2025-08-01 10:43:06.500,IO2508-P-3650,2.2,1.8,2.2
2025-08-01,2025-08-01 10:43:07.000,IO2508-P-3650,2.2,1.8,2.2
2025-08-01,2025-08-01 10:43:09.000,IO2508-P-3650,2.2,1.8,2.2
2025-08-01,2025-08-01 10:43:10.000,IO2508-P-3650,2.2,1.8,2.2
2025-08-01,2025-08-01 10:43:34.500,IO2508-P-3650,2.2,1.8,2.2
2025-08-01,2025-08-01 10:43:35.500,IO2508-P-3650,2.2,1.8,2.2
2025-08-01,2025-08-01 10:43:36.500,IO2508-P-3650,2.2,1.8,2.2
2025-08-01,2025-08-01 10:43:37.000,IO2508-P-3650,2.2,1.8,2.2
2025-08-01,2025-08-01 10:43:39.500,IO2508-P-3650,2.2,1.8,2.2
2025-08-01,2025-08-01 10:43:40.000,IO2508-P-3650,2.2,1.8,2.2
2025-08-01,2025-08-01 10:43:44.500,IO2508-P-3650,2.2,1.8,2.2
2025-08-01,2025-08-01 10:43:55.000,IO2508-P-3650,2.2,1.8,2.2
2025-08-01,2025-08-01 10:44:06.500,IO2508-P-3650,2.2,1.8,2.2
2025-08-01,2025-08-01 10:44:07.000,IO2508-P-3650,2.2,1.8,2.2
2025-08-01,2025-08-01 10:44:36.000,IO2508-P-3650,2.2,1.8,2.2
2025-08-01,2025-08-01 10:44:36.500,IO2508-P-3650,2.2,1.8,2.2
2025-08-01,2025-08-01 10:44:37.000,IO2508-P-3650,2.2,1.8,2.2
2025-08-01,2025-08-01 10:44:38.500,IO2508-P-3650,2.2,1.8,2.2
2025-08-01,2025-08-01 10:44:39.000,IO2508-P-3650,2.2,1.8,2.2
2025-08-01,2025-08-01 10:45:06.500,IO2508-P-3650,2.2,1.8,2.2
2025-08-01,2025-08-01 10:45:07.000,IO2508-P-3650,2.2,1.8,2.2
2025-08-01,2025-08-01 10:45:36.500,IO2508-P-3650,2.2,1.8,2.2
2025-08-01,2025-08-01 10:45:37.000,IO2508-P-3650,2.2,1.8,2.2
2025-08-01,2025-08-01 10:45:37.500,IO2508-P-3650,2.2,1.8,2.2
2025-08-01,2025-08-01 10:46:05.500,IO2508-P-3650,2.2,1.8,2.2
2025-08-01,2025-08-01 10:46:06.500,IO2508-P-3650,2.2,1.8,2.2
2025-08-01,2025-08-01 10:46:07.000,IO2508-P-3650,2.2,1.8,2.2
2025-08-01,2025-08-01 10:46:09.000,IO2508-P-3650,2.2,1.8,2.2
2025-08-01,2025-08-01 10:46:09.500,IO2508-P-3650,2.2,1.8,2.2
2025-08-01,2025-08-01 10:46:13.500,IO2508-P-3650,2.2,1.8,2.2
2025-08-01,2025-08-01 10:46:16.500,IO2508-P-3650,2.2,1.8,2.2
2025-08-01,2025-08-01 10:46:36.500,IO2508-P-3650,2.2,1.8,2.2
2025-08-01,2025-08-01 10:46:37.000,IO2508-P-3650,2.2,1.8,2.2
2025-08-01,2025-08-01 10:46:43.500,IO2508-P-3650,2.2,1.8,2.2
2025-08-01,2025-08-01 10:46:44.000,IO2508-P-3650,2.2,1.8,2.2
2025-08-01,2025-08-01 10:46:54.000,IO2508-P-3650,2.2,1.8,2.2
2025-08-01,2025-08-01 10:46:54.500,IO2508-P-3650,2.2,1.8,2.2
2025-08-01,2025-08-01 10:46:55.000,IO2508-P-3650,2.2,1.8,2.2
2025-08-01,2025-08-01 10:46:56.000,IO2508-P-3650,2.2,1.8,2.2
2025-08-01,2025-08-01 10:46:57.000,IO2508-P-3650,2.2,1.8,2.2
2025-08-01,2025-08-01 10:47:06.500,IO2508-P-3650,2.2,1.8,2.2
2025-08-01,2025-08-01 10:47:07.000,IO2508-P-3650,2.2,1.8,2.2
2025-08-01,2025-08-01 10:47:26.000,IO2508-P-3650,2.2,1.8,2.2
2025-08-01,2025-08-01 10:47:26.500,IO2508-P-3650,2.2,1.8,2.2
2025-08-01,2025-08-01 10:47:36.500,IO2508-P-3650,2.2,1.8,2.2
2025-08-01,2025-08-01 10:47:37.000,IO2508-P-3650,2.2,1.8,2.2
2025-08-01,2025-08-01 10:47:45.000,IO2508-P-3650,2.2,1.8,2.2
2025-08-01,2025-08-01 10:47:45.500,IO2508-P-3650,2.2,1.8,2.2
2025-08-01,2025-08-01 10:47:53.000,IO2508-P-3650,2.2,1.8,2.2
2025-08-01,2025-08-01 10:47:57.000,IO2508-P-3650,2.2,1.8,2.2
2025-08-01,2025-08-01 10:48:06.500,IO2508-P-3650,2.2,1.8,2.2
2025-08-01,2025-08-01 10:48:07.000,IO2508-P-3650,2.2,1.8,2.2
2025-08-01,2025-08-01 10:48:09.000,IO2508-P-3650,2.2,1.8,2.2
2025-08-01,2025-08-01 10:48:11.000,IO2508-P-3650,2.2,1.8,2.2
2025-08-01,2025-08-01 10:48:22.000,IO2508-P-3650,2.2,1.8,2.2
2025-08-01,2025-08-01 10:48:23.500,IO2508-P-3650,2.2,1.8,2.2
2025-08-01,2025-08-01 10:48:24.000,IO2508-P-3650,2.2,1.8,2.2
2025-08-01,2025-08-01 10:48:34.000,IO2508-P-3650,2.2,1.8,2.2
2025-08-01,2025-08-01 10:48:36.500,IO2508-P-3650,2.2,1.8,2.2
2025-08-01,2025-08-01 10:48:37.000,IO2508-P-3650,2.2,1.8,2.2
2025-08-01,2025-08-01 10:48:55.500,IO2508-P-3650,2.2,1.8,2.2
2025-08-01,2025-08-01 10:49:06.500,IO2508-P-3650,2.2,1.8,2.2
2025-08-01,2025-08-01 10:49:07.000,IO2508-P-3650,2.2,1.8,2.2
2025-08-01,2025-08-01 10:49:20.000,IO2508-P-3650,2.2,1.8,2.2
2025-08-01,2025-08-01 10:49:20.500,IO2508-P-3650,2.2,1.8,2.2
2025-08-01,2025-08-01 10:49:26.000,IO2508-P-3650,2.2,1.8,2.2
2025-08-01,2025-08-01 10:49:27.000,IO2508-P-3650,2.2,1.8,2.2
2025-08-01,2025-08-01 10:49:31.000,IO2508-P-3650,2.2,1.8,2.2
2025-08-01,2025-08-01 10:49:32.000,IO2508-P-3650,2.2,1.8,2.2
2025-08-01,2025-08-01 10:49:34.000,IO2508-P-3650,2.2,1.8,2.2
2025-08-01,2025-08-01 10:49:35.000,IO2508-P-3650,2.2,1.8,2.2
2025-08-01,2025-08-01 10:49:35.500,IO2508-P-3650,2.2,1.8,2.2
2025-08-01,2025-08-01 10:49:36.500,IO2508-P-3650,2.2,1.8,2.2
2025-08-01,2025-08-01 10:49:37.000,IO2508-P-3650,2.2,1.8,2.2
2025-08-01,2025-08-01 10:49:59.500,IO2508-P-3650,2.2,1.8,2.2
2025-08-01,2025-08-01 10:50:06.500,IO2508-P-3650,2.2,1.8,2.2
2025-08-01,2025-08-01 10:50:07.000,IO2508-P-3650,2.2,1.8,2.2
2025-08-01,2025-08-01 10:50:28.000,IO2508-P-3650,2.2,1.8,2.2
2025-08-01,2025-08-01 10:50:36.500,IO2508-P-3650,2.2,1.8,2.2
2025-08-01,2025-08-01 10:50:37.000,IO2508-P-3650,2.2,1.8,2.2
2025-08-01,2025-08-01 10:50:41.000,IO2508-P-3650,2.2,1.8,2.2
2025-08-01,2025-08-01 10:51:01.000,IO2508-P-3650,2.2,1.8,2.2
2025-08-01,2025-08-01 10:51:02.000,IO2508-P-3650,2.2,1.8,2.2
2025-08-01,2025-08-01 10:51:02.500,IO2508-P-3650,2.2,1.8,2.2
2025-08-01,2025-08-01 10:51:06.500,IO2508-P-3650,2.2,1.8,2.2
2025-08-01,2025-08-01 10:51:07.000,IO2508-P-3650,2.2,1.8,2.2
2025-08-01,2025-08-01 10:51:10.500,IO2508-P-3650,2.2,1.8,2.2
2025-08-01,2025-08-01 10:51:11.000,IO2508-P-3650,2.2,1.8,2.2
2025-08-01,2025-08-01 10:51:12.500,IO2508-P-3650,2.2,1.8,2.2
2025-08-01,2025-08-01 10:51:15.500,IO2508-P-3650,2.2,1.8,2.2
2025-08-01,2025-08-01 10:51:36.500,IO2508-P-3650,2.2,1.8,2.2
2025-08-01,2025-08-01 10:51:37.000,IO2508-P-3650,2.2,1.8,2.2
2025-08-01,2025-08-01 10:51:41.500,IO2508-P-3650,2.2,1.8,2.2
2025-08-01,2025-08-01 10:52:02.000,IO2508-P-3650,2.2,1.8,2.2
2025-08-01,2025-08-01 10:52:02.500,IO2508-P-3650,2.2,1.8,2.2
2025-08-01,2025-08-01 10:52:03.000,IO2508-P-3650,2.2,1.8,2.2
2025-08-01,2025-08-01 10:52:03.500,IO2508-P-3650,2.2,1.8,2.2
2025-08-01,2025-08-01 10:52:06.500,IO2508-P-3650,2.2,1.8,2.2
2025-08-01,2025-08-01 10:52:07.000,IO2508-P-3650,2.2,1.8,2.2
2025-08-01,2025-08-01 10:52:18.000,IO2508-P-3650,2.2,1.8,2.2
2025-08-01,2025-08-01 10:52:18.500,IO2508-P-3650,2.2,1.8,2.2
2025-08-01,2025-08-01 10:52:20.000,IO2508-P-3650,2.2,1.8,2.2
2025-08-01,2025-08-01 10:52:23.000,IO2508-P-3650,2.2,1.8,2.2
2025-08-01,2025-08-01 10:52:23.500,IO2508-P-3650,2.2,1.8,2.2
2025-08-01,2025-08-01 10:52:24.500,IO2508-P-3650,2.2,1.8,2.2
2025-08-01,2025-08-01 10:52:36.500,IO2508-P-3650,2.2,1.8,2.2
2025-08-01,2025-08-01 10:52:37.000,IO2508-P-3650,2.2,1.8,2.2
2025-08-01,2025-08-01 10:52:39.500,IO2508-P-3650,2.2,1.8,2.2
2025-08-01,2025-08-01 10:52:52.500,IO2508-P-3650,2.2,1.8,2.2
2025-08-01,2025-08-01 10:52:53.500,IO2508-P-3650,2.2,1.8,2.2
2025-08-01,2025-08-01 10:52:56.500,IO2508-P-3650,2.2,1.8,2.2
2025-08-01,2025-08-01 10:53:01.000,IO2508-P-3650,2.2,1.8,2.2
2025-08-01,2025-08-01 10:53:02.500,IO2508-P-3650,2.2,1.8,2.2
2025-08-01,2025-08-01 10:53:06.500,IO2508-P-3650,2.2,1.8,2.2
2025-08-01,2025-08-01 10:53:07.000,IO2508-P-3650,2.2,1.8,2.2
2025-08-01,2025-08-01 10:53:08.000,IO2508-P-3650,2.2,1.8,2.2
2025-08-01,2025-08-01 10:53:08.500,IO2508-P-3650,2.2,1.8,2.2
2025-08-01,2025-08-01 10:53:10.500,IO2508-P-3650,2.2,1.8,2.2
2025-08-01,2025-08-01 10:53:13.500,IO2508-P-3650,2.2,1.8,2.2
2025-08-01,2025-08-01 10:53:24.500,IO2508-P-3650,2.2,1.8,2.2
2025-08-01,2025-08-01 10:53:25.000,IO2508-P-3650,2.2,1.8,2.2
2025-08-01,2025-08-01 10:53:25.500,IO2508-P-3650,2.2,1.8,2.2
2025-08-01,2025-08-01 10:53:34.000,IO2508-P-3650,2.2,1.8,2.2
2025-08-01,2025-08-01 10:53:36.500,IO2508-P-3650,2.2,1.8,2.2
2025-08-01,2025-08-01 10:53:37.000,IO2508-P-3650,2.2,1.8,2.2
2025-08-01,2025-08-01 10:53:38.500,IO2508-P-3650,2.2,1.8,2.2
2025-08-01,2025-08-01 10:53:43.500,IO2508-P-3650,2.2,1.8,2.2
2025-08-01,2025-08-01 10:53:45.000,IO2508-P-3650,2.2,1.8,2.2
2025-08-01,2025-08-01 10:53:46.000,IO2508-P-3650,2.2,1.8,2.2
2025-08-01,2025-08-01 10:53:46.500,IO2508-P-3650,2.2,1.8,2.2
2025-08-01,2025-08-01 10:53:47.000,IO2508-P-3650,2.2,1.8,2.2
2025-08-01,2025-08-01 10:53:47.500,IO2508-P-3650,2.2,1.8,2.2
2025-08-01,2025-08-01 10:53:48.000,IO2508-P-3650,2.2,1.8,2.2
2025-08-01,2025-08-01 10:53:54.000,IO2508-P-3650,2.2,1.8,2.2
2025-08-01,2025-08-01 10:53:54.500,IO2508-P-3650,2.2,1.8,2.2
2025-08-01,2025-08-01 10:53:55.500,IO2508-P-3650,2.2,1.8,2.2
2025-08-01,2025-08-01 10:54:02.000,IO2508-P-3650,2.2,1.8,2.2
2025-08-01,2025-08-01 10:54:16.500,IO2508-P-3650,2.2,1.8,2.2
2025-08-01,2025-08-01 10:54:30.000,IO2508-P-3650,2.2,1.8,2.2
2025-08-01,2025-08-01 10:54:40.500,IO2508-P-3650,2.2,1.8,2.2
2025-08-01,2025-08-01 10:54:44.500,IO2508-P-3650,2.2,1.8,2.2
2025-08-01,2025-08-01 10:55:02.500,IO2508-P-3650,2.2,1.8,2.2
2025-08-01,2025-08-01 10:55:04.500,IO2508-P-3650,2.2,1.8,2.2
2025-08-01,2025-08-01 10:55:10.000,IO2508-P-3650,2.2,1.8,2.2
2025-08-01,2025-08-01 10:55:11.500,IO2508-P-3650,2.2,1.8,2.2
2025-08-01,2025-08-01 10:55:22.500,IO2508-P-3650,2.2,1.8,2.2
2025-08-01,2025-08-01 10:55:23.500,IO2508-P-3650,2.2,1.8,2.2
2025-08-01,2025-08-01 10:55:27.500,IO2508-P-3650,2.2,1.8,2.2
2025-08-01,2025-08-01 10:55:28.000,IO2508-P-3650,2.2,1.8,2.2
2025-08-01,2025-08-01 10:55:29.000,IO2508-P-3650,2.2,1.8,2.2
2025-08-01,2025-08-01 10:55:33.500,IO2508-P-3650,2.2,1.8,2.2
2025-08-01,2025-08-01 10:55:36.000,IO2508-P-3650,2.2,1.8,2.2
2025-08-01,2025-08-01 10:55:38.000,IO2508-P-3650,2.2,1.8,2.2
2025-08-01,2025-08-01 10:55:40.500,IO2508-P-3650,2.2,1.8,2.2
2025-08-01,2025-08-01 10:55:41.000,IO2508-P-3650,2.2,1.8,2.2
2025-08-01,2025-08-01 10:55:42.500,IO2508-P-3650,2.2,1.8,2.2
2025-08-01,2025-08-01 10:55:43.000,IO2508-P-3650,2.2,1.8,2.2
2025-08-01,2025-08-01 10:55:50.500,IO2508-P-3650,2.2,1.8,2.2
2025-08-01,2025-08-01 10:56:00.500,IO2508-P-3650,2.2,1.8,2.2
2025-08-01,2025-08-01 10:56:01.000,IO2508-P-3650,2.2,1.8,2.2
2025-08-01,2025-08-01 10:56:01.500,IO2508-P-3650,2.2,1.8,2.2
2025-08-01,2025-08-01 10:56:02.500,IO2508-P-3650,2.2,1.8,2.2
2025-08-01,2025-08-01 10:56:03.000,IO2508-P-3650,2.2,1.8,2.2
2025-08-01,2025-08-01 10:56:04.000,IO2508-P-3650,2.2,1.8,2.2
2025-08-01,2025-08-01 10:56:05.000,IO2508-P-3650,2.2,1.8,2.2
2025-08-01,2025-08-01 10:56:05.500,IO2508-P-3650,2.2,1.8,2.2
2025-08-01,2025-08-01 10:56:06.500,IO2508-P-3650,2.2,1.8,2.2
2025-08-01,2025-08-01 10:56:07.000,IO2508-P-3650,2.2,1.8,2.2
2025-08-01,2025-08-01 10:56:11.000,IO2508-P-3650,2.2,1.8,2.2
2025-08-01,2025-08-01 10:56:17.500,IO2508-P-3650,2.2,1.8,2.2
2025-08-01,2025-08-01 10:56:18.000,IO2508-P-3650,2.2,1.8,2.2
2025-08-01,2025-08-01 10:56:36.500,IO2508-P-3650,2.2,1.8,2.2
2025-08-01,2025-08-01 10:56:37.000,IO2508-P-3650,2.2,1.8,2.2
2025-08-01,2025-08-01 10:56:46.000,IO2508-P-3650,2.2,1.8,2.2
2025-08-01,2025-08-01 10:56:47.500,IO2508-P-3650,2.2,1.8,2.2
2025-08-01,2025-08-01 10:56:50.000,IO2508-P-3650,2.2,1.8,2.2
2025-08-01,2025-08-01 10:56:51.000,IO2508-P-3650,2.2,1.8,2.2
2025-08-01,2025-08-01 10:56:57.000,IO2508-P-3650,2.2,1.8,2.2
2025-08-01,2025-08-01 10:57:06.500,IO2508-P-3650,2.2,1.8,2.2
2025-08-01,2025-08-01 10:57:07.000,IO2508-P-3650,2.2,1.8,2.2
2025-08-01,2025-08-01 10:57:08.000,IO2508-P-3650,2.2,1.8,2.2
2025-08-01,2025-08-01 10:57:16.000,IO2508-P-3650,2.2,1.8,2.2
2025-08-01,2025-08-01 10:57:17.000,IO2508-P-3650,2.2,1.8,2.2
2025-08-01,2025-08-01 10:57:18.000,IO2508-P-3650,2.2,1.8,2.2
2025-08-01,2025-08-01 10:57:18.500,IO2508-P-3650,2.2,1.8,2.2
2025-08-01,2025-08-01 10:57:22.000,IO2508-P-3650,2.2,1.8,2.2
2025-08-01,2025-08-01 10:57:23.000,IO2508-P-3650,2.2,1.8,2.2
2025-08-01,2025-08-01 10:57:24.000,IO2508-P-3650,2.2,1.8,2.2
2025-08-01,2025-08-01 10:57:36.500,IO2508-P-3650,2.2,1.8,2.2
2025-08-01,2025-08-01 10:57:37.000,IO2508-P-3650,2.2,1.8,2.2
2025-08-01,2025-08-01 10:58:06.500,IO2508-P-3650,2.2,1.8,2.2
2025-08-01,2025-08-01 10:58:07.000,IO2508-P-3650,2.2,1.8,2.2
2025-08-01,2025-08-01 10:58:24.000,IO2508-P-3650,2.2,1.8,2.0
2025-08-01,2025-08-01 10:58:24.500,IO2508-P-3650,2.2,1.8,2.0
2025-08-01,2025-08-01 10:58:26.000,IO2508-P-3650,2.2,1.8,2.0
2025-08-01,2025-08-01 10:58:36.500,IO2508-P-3650,2.2,1.8,2.0
2025-08-01,2025-08-01 10:58:37.000,IO2508-P-3650,2.2,1.8,2.0
2025-08-01,2025-08-01 10:59:00.500,IO2508-P-3650,2.2,1.8,2.0
2025-08-01,2025-08-01 10:59:06.500,IO2508-P-3650,2.2,1.8,2.0
2025-08-01,2025-08-01 10:59:07.000,IO2508-P-3650,2.2,1.8,2.0
2025-08-01,2025-08-01 10:59:33.000,IO2508-P-3650,2.2,1.8,2.0
2025-08-01,2025-08-01 10:59:34.000,IO2508-P-3650,2.2,1.8,2.0
2025-08-01,2025-08-01 10:59:39.500,IO2508-P-3650,2.2,1.8,2.0
2025-08-01,2025-08-01 11:00:03.500,IO2508-P-3650,2.2,1.8,2.0
2025-08-01,2025-08-01 11:00:04.000,IO2508-P-3650,2.2,1.8,2.0
2025-08-01,2025-08-01 11:00:04.500,IO2508-P-3650,2.2,1.8,2.0
2025-08-01,2025-08-01 11:00:06.500,IO2508-P-3650,2.2,1.8,2.0
2025-08-01,2025-08-01 11:00:07.000,IO2508-P-3650,2.2,1.8,2.0
2025-08-01,2025-08-01 11:00:36.500,IO2508-P-3650,2.2,1.8,2.0
2025-08-01,2025-08-01 11:00:37.000,IO2508-P-3650,2.2,1.8,2.0
2025-08-01,2025-08-01 11:00:46.000,IO2508-P-3650,2.2,1.8,2.0
2025-08-01,2025-08-01 11:01:06.500,IO2508-P-3650,2.2,1.8,2.0
2025-08-01,2025-08-01 11:01:07.000,IO2508-P-3650,2.2,1.8,2.0
2025-08-01,2025-08-01 11:01:11.000,IO2508-P-3650,2.2,1.8,2.0
2025-08-01,2025-08-01 11:01:15.000,IO2508-P-3650,2.2,1.8,2.0
2025-08-01,2025-08-01 11:01:17.000,IO2508-P-3650,2.2,1.8,2.0
2025-08-01,2025-08-01 11:01:26.500,IO2508-P-3650,2.2,1.8,2.0
2025-08-01,2025-08-01 11:01:27.500,IO2508-P-3650,2.2,1.8,2.0
2025-08-01,2025-08-01 11:01:28.000,IO2508-P-3650,2.2,1.8,2.0
2025-08-01,2025-08-01 11:01:32.000,IO2508-P-3650,2.2,1.8,2.0
2025-08-01,2025-08-01 11:01:36.500,IO2508-P-3650,2.2,1.8,2.0
2025-08-01,2025-08-01 11:01:37.000,IO2508-P-3650,2.2,1.8,2.0
2025-08-01,2025-08-01 11:02:01.000,IO2508-P-3650,2.2,1.8,2.0
2025-08-01,2025-08-01 11:02:01.500,IO2508-P-3650,2.2,1.8,2.2
2025-08-01,2025-08-01 11:02:02.000,IO2508-P-3650,2.2,1.8,2.2
2025-08-01,2025-08-01 11:02:02.500,IO2508-P-3650,2.2,1.8,2.2
2025-08-01,2025-08-01 11:02:06.500,IO2508-P-3650,2.2,1.8,2.2
2025-08-01,2025-08-01 11:02:07.000,IO2508-P-3650,2.2,1.8,2.2
2025-08-01,2025-08-01 11:02:36.500,IO2508-P-3650,2.2,1.8,2.2
2025-08-01,2025-08-01 11:02:37.000,IO2508-P-3650,2.2,1.8,2.2
2025-08-01,2025-08-01 11:02:54.000,IO2508-P-3650,2.2,1.8,2.2
2025-08-01,2025-08-01 11:02:54.500,IO2508-P-3650,2.2,1.8,2.2
2025-08-01,2025-08-01 11:02:55.000,IO2508-P-3650,2.2,1.8,2.2
2025-08-01,2025-08-01 11:02:56.000,IO2508-P-3650,2.2,1.8,2.2
2025-08-01,2025-08-01 11:02:56.500,IO2508-P-3650,2.2,1.8,2.2
2025-08-01,2025-08-01 11:03:06.500,IO2508-P-3650,2.2,1.8,2.2
2025-08-01,2025-08-01 11:03:07.000,IO2508-P-3650,2.2,1.8,2.2
2025-08-01,2025-08-01 11:03:12.500,IO2508-P-3650,2.2,1.8,2.2
2025-08-01,2025-08-01 11:03:13.000,IO2508-P-3650,2.2,1.8,2.2
2025-08-01,2025-08-01 11:03:26.500,IO2508-P-3650,2.2,1.8,2.2
2025-08-01,2025-08-01 11:03:30.000,IO2508-P-3650,2.2,1.8,2.2
2025-08-01,2025-08-01 11:03:36.500,IO2508-P-3650,2.2,1.8,2.2
2025-08-01,2025-08-01 11:03:37.000,IO2508-P-3650,2.2,1.8,2.2
2025-08-01,2025-08-01 11:03:58.000,IO2508-P-3650,2.2,1.8,2.2
2025-08-01,2025-08-01 11:04:01.500,IO2508-P-3650,2.2,1.8,2.2
2025-08-01,2025-08-01 11:04:02.000,IO2508-P-3650,2.2,1.8,2.2
2025-08-01,2025-08-01 11:04:06.500,IO2508-P-3650,2.2,1.8,2.2
2025-08-01,2025-08-01 11:04:07.000,IO2508-P-3650,2.2,1.8,2.2
2025-08-01,2025-08-01 11:04:32.000,IO2508-P-3650,2.2,1.8,2.2
2025-08-01,2025-08-01 11:04:32.500,IO2508-P-3650,2.2,1.8,2.2
2025-08-01,2025-08-01 11:04:33.000,IO2508-P-3650,2.2,1.8,2.2
2025-08-01,2025-08-01 11:04:36.500,IO2508-P-3650,2.2,1.8,2.2
2025-08-01,2025-08-01 11:04:37.000,IO2508-P-3650,2.2,1.8,2.2
2025-08-01,2025-08-01 11:04:37.500,IO2508-P-3650,2.2,1.8,2.2
2025-08-01,2025-08-01 11:04:44.000,IO2508-P-3650,2.2,1.8,2.2
2025-08-01,2025-08-01 11:04:44.500,IO2508-P-3650,2.2,1.8,2.2
2025-08-01,2025-08-01 11:04:49.500,IO2508-P-3650,2.2,1.8,2.2
2025-08-01,2025-08-01 11:04:50.000,IO2508-P-3650,2.2,1.8,2.2
2025-08-01,2025-08-01 11:04:59.000,IO2508-P-3650,2.2,1.8,2.2
2025-08-01,2025-08-01 11:05:02.500,IO2508-P-3650,2.2,1.8,2.2
2025-08-01,2025-08-01 11:05:06.500,IO2508-P-3650,2.2,1.8,2.2
2025-08-01,2025-08-01 11:05:07.000,IO2508-P-3650,2.2,1.8,2.2
2025-08-01,2025-08-01 11:05:31.000,IO2508-P-3650,2.2,1.8,2.2
2025-08-01,2025-08-01 11:05:36.500,IO2508-P-3650,2.2,1.8,2.2
2025-08-01,2025-08-01 11:05:37.000,IO2508-P-3650,2.2,1.8,2.2
2025-08-01,2025-08-01 11:05:48.000,IO2508-P-3650,2.2,1.8,2.2
2025-08-01,2025-08-01 11:05:48.500,IO2508-P-3650,2.2,1.8,2.2
2025-08-01,2025-08-01 11:05:49.500,IO2508-P-3650,2.2,1.8,2.2
2025-08-01,2025-08-01 11:06:00.500,IO2508-P-3650,2.2,1.8,2.2
2025-08-01,2025-08-01 11:06:06.500,IO2508-P-3650,2.2,1.8,2.2
2025-08-01,2025-08-01 11:06:07.000,IO2508-P-3650,2.2,1.8,2.2
2025-08-01,2025-08-01 11:06:36.500,IO2508-P-3650,2.2,1.8,2.2
2025-08-01,2025-08-01 11:06:37.000,IO2508-P-3650,2.2,1.8,2.2
2025-08-01,2025-08-01 11:06:37.500,IO2508-P-3650,2.2,1.8,2.2
2025-08-01,2025-08-01 11:06:39.500,IO2508-P-3650,2.2,1.8,2.2
2025-08-01,2025-08-01 11:06:41.000,IO2508-P-3650,2.2,1.8,2.2
2025-08-01,2025-08-01 11:06:41.500,IO2508-P-3650,2.2,1.8,2.2
2025-08-01,2025-08-01 11:06:42.000,IO2508-P-3650,2.2,1.8,2.2
2025-08-01,2025-08-01 11:06:42.500,IO2508-P-3650,2.2,1.8,2.2
2025-08-01,2025-08-01 11:06:43.000,IO2508-P-3650,2.2,1.8,2.2
2025-08-01,2025-08-01 11:06:59.500,IO2508-P-3650,2.2,1.8,2.2
2025-08-01,2025-08-01 11:07:01.500,IO2508-P-3650,2.2,1.8,2.2
2025-08-01,2025-08-01 11:07:06.500,IO2508-P-3650,2.2,1.8,2.2
2025-08-01,2025-08-01 11:07:07.000,IO2508-P-3650,2.2,1.8,2.2
2025-08-01,2025-08-01 11:07:19.000,IO2508-P-3650,2.2,1.8,2.2
2025-08-01,2025-08-01 11:07:34.500,IO2508-P-3650,2.2,1.8,2.2
2025-08-01,2025-08-01 11:07:35.500,IO2508-P-3650,2.2,1.8,2.2
2025-08-01,2025-08-01 11:07:36.500,IO2508-P-3650,2.2,1.8,2.2
2025-08-01,2025-08-01 11:07:37.000,IO2508-P-3650,2.2,1.8,2.2
2025-08-01,2025-08-01 11:07:37.500,IO2508-P-3650,2.2,1.8,2.2
2025-08-01,2025-08-01 11:07:38.000,IO2508-P-3650,2.2,1.8,2.2
2025-08-01,2025-08-01 11:07:42.000,IO2508-P-3650,2.2,1.8,2.2
2025-08-01,2025-08-01 11:07:43.500,IO2508-P-3650,2.2,1.8,2.2
2025-08-01,2025-08-01 11:07:45.500,IO2508-P-3650,2.2,1.8,2.2
2025-08-01,2025-08-01 11:07:46.500,IO2508-P-3650,2.2,1.8,2.2
2025-08-01,2025-08-01 11:08:04.500,IO2508-P-3650,2.2,1.8,2.0
2025-08-01,2025-08-01 11:08:05.000,IO2508-P-3650,2.2,1.8,2.0
2025-08-01,2025-08-01 11:08:06.500,IO2508-P-3650,2.2,1.8,2.0
2025-08-01,2025-08-01 11:08:07.000,IO2508-P-3650,2.2,1.8,2.0
2025-08-01,2025-08-01 11:08:10.000,IO2508-P-3650,2.2,1.8,2.0
2025-08-01,2025-08-01 11:08:36.500,IO2508-P-3650,2.2,1.8,2.0
2025-08-01,2025-08-01 11:08:37.000,IO2508-P-3650,2.2,1.8,2.0
2025-08-01,2025-08-01 11:09:06.500,IO2508-P-3650,2.2,1.8,2.0
2025-08-01,2025-08-01 11:09:07.000,IO2508-P-3650,2.2,1.8,2.0
2025-08-01,2025-08-01 11:09:33.500,IO2508-P-3650,2.2,1.8,2.0
2025-08-01,2025-08-01 11:09:34.000,IO2508-P-3650,2.2,1.8,2.0
2025-08-01,2025-08-01 11:09:36.500,IO2508-P-3650,2.2,1.8,2.0
2025-08-01,2025-08-01 11:09:37.000,IO2508-P-3650,2.2,1.8,2.0
2025-08-01,2025-08-01 11:10:06.500,IO2508-P-3650,2.2,1.8,2.0
2025-08-01,2025-08-01 11:10:07.000,IO2508-P-3650,2.2,1.8,2.0
2025-08-01,2025-08-01 11:10:22.500,IO2508-P-3650,2.2,1.8,2.0
2025-08-01,2025-08-01 11:10:36.500,IO2508-P-3650,2.2,1.8,2.0
2025-08-01,2025-08-01 11:10:37.000,IO2508-P-3650,2.2,1.8,2.0
2025-08-01,2025-08-01 11:10:37.500,IO2508-P-3650,2.2,1.8,2.0
2025-08-01,2025-08-01 11:10:43.000,IO2508-P-3650,2.2,1.8,2.0
2025-08-01,2025-08-01 11:10:48.500,IO2508-P-3650,2.2,1.8,2.0
2025-08-01,2025-08-01 11:10:49.000,IO2508-P-3650,2.2,1.8,2.0
2025-08-01,2025-08-01 11:10:50.000,IO2508-P-3650,2.2,1.8,2.0
2025-08-01,2025-08-01 11:11:06.500,IO2508-P-3650,2.2,1.8,2.0
2025-08-01,2025-08-01 11:11:07.000,IO2508-P-3650,2.2,1.8,2.0
2025-08-01,2025-08-01 11:11:16.000,IO2508-P-3650,2.2,1.8,2.0
2025-08-01,2025-08-01 11:11:16.500,IO2508-P-3650,2.2,1.8,2.0
2025-08-01,2025-08-01 11:11:17.000,IO2508-P-3650,2.2,1.8,2.0
2025-08-01,2025-08-01 11:11:36.500,IO2508-P-3650,2.2,1.8,2.0
2025-08-01,2025-08-01 11:11:37.000,IO2508-P-3650,2.2,1.8,2.0
2025-08-01,2025-08-01 11:11:45.500,IO2508-P-3650,2.2,1.8,2.0
2025-08-01,2025-08-01 11:11:46.000,IO2508-P-3650,2.2,1.8,2.0
2025-08-01,2025-08-01 11:11:58.500,IO2508-P-3650,2.2,1.8,2.0
2025-08-01,2025-08-01 11:12:06.500,IO2508-P-3650,2.2,1.8,2.0
2025-08-01,2025-08-01 11:12:07.000,IO2508-P-3650,2.2,1.8,2.0
2025-08-01,2025-08-01 11:12:07.500,IO2508-P-3650,2.2,1.8,2.0
2025-08-01,2025-08-01 11:12:36.500,IO2508-P-3650,2.2,1.8,2.0
2025-08-01,2025-08-01 11:12:37.000,IO2508-P-3650,2.2,1.8,2.0
2025-08-01,2025-08-01 11:12:43.500,IO2508-P-3650,2.2,1.8,2.0
2025-08-01,2025-08-01 11:12:44.000,IO2508-P-3650,2.2,1.8,2.0
2025-08-01,2025-08-01 11:13:06.500,IO2508-P-3650,2.2,1.8,2.0
2025-08-01,2025-08-01 11:13:07.000,IO2508-P-3650,2.2,1.8,2.0
2025-08-01,2025-08-01 11:13:36.500,IO2508-P-3650,2.2,1.8,2.0
2025-08-01,2025-08-01 11:13:37.000,IO2508-P-3650,2.2,1.8,2.0
2025-08-01,2025-08-01 11:14:06.500,IO2508-P-3650,2.2,1.8,2.0
2025-08-01,2025-08-01 11:14:07.000,IO2508-P-3650,2.2,1.8,2.0
2025-08-01,2025-08-01 11:14:36.500,IO2508-P-3650,2.2,1.8,2.0
2025-08-01,2025-08-01 11:14:37.000,IO2508-P-3650,2.2,1.8,2.0
2025-08-01,2025-08-01 11:15:06.500,IO2508-P-3650,2.2,1.8,2.0
2025-08-01,2025-08-01 11:15:07.000,IO2508-P-3650,2.2,1.8,2.0
2025-08-01,2025-08-01 11:15:13.000,IO2508-P-3650,2.2,1.8,2.0
2025-08-01,2025-08-01 11:15:36.500,IO2508-P-3650,2.2,1.8,2.0
2025-08-01,2025-08-01 11:15:37.000,IO2508-P-3650,2.2,1.8,2.0
2025-08-01,2025-08-01 11:16:04.500,IO2508-P-3650,2.2,1.8,2.0
2025-08-01,2025-08-01 11:16:05.000,IO2508-P-3650,2.2,1.8,2.0
2025-08-01,2025-08-01 11:16:06.500,IO2508-P-3650,2.2,1.8,2.0
2025-08-01,2025-08-01 11:16:07.000,IO2508-P-3650,2.2,1.8,2.0
2025-08-01,2025-08-01 11:16:14.000,IO2508-P-3650,2.2,1.8,2.0
2025-08-01,2025-08-01 11:16:14.500,IO2508-P-3650,2.2,1.8,2.0
2025-08-01,2025-08-01 11:16:18.000,IO2508-P-3650,2.2,1.8,2.0
2025-08-01,2025-08-01 11:16:19.000,IO2508-P-3650,2.2,1.8,2.0
2025-08-01,2025-08-01 11:16:36.500,IO2508-P-3650,2.2,1.8,2.0
2025-08-01,2025-08-01 11:16:37.000,IO2508-P-3650,2.2,1.8,2.0
2025-08-01,2025-08-01 11:16:48.000,IO2508-P-3650,2.2,1.8,2.0
2025-08-01,2025-08-01 11:16:48.500,IO2508-P-3650,2.2,1.8,2.0
2025-08-01,2025-08-01 11:16:49.000,IO2508-P-3650,2.2,1.8,2.0
2025-08-01,2025-08-01 11:16:53.000,IO2508-P-3650,2.2,1.8,2.0
2025-08-01,2025-08-01 11:17:06.500,IO2508-P-3650,2.2,1.8,2.0
2025-08-01,2025-08-01 11:17:07.000,IO2508-P-3650,2.2,1.8,2.0
2025-08-01,2025-08-01 11:17:30.500,IO2508-P-3650,2.2,1.8,2.0
2025-08-01,2025-08-01 11:17:31.000,IO2508-P-3650,2.2,1.8,2.0
2025-08-01,2025-08-01 11:17:36.500,IO2508-P-3650,2.2,1.8,2.0
2025-08-01,2025-08-01 11:17:37.000,IO2508-P-3650,2.2,1.8,2.0
2025-08-01,2025-08-01 11:17:38.000,IO2508-P-3650,2.2,1.8,2.0
2025-08-01,2025-08-01 11:18:06.500,IO2508-P-3650,2.2,1.8,2.0
2025-08-01,2025-08-01 11:18:07.000,IO2508-P-3650,2.2,1.8,2.0
2025-08-01,2025-08-01 11:18:36.500,IO2508-P-3650,2.2,1.8,2.0
2025-08-01,2025-08-01 11:18:37.000,IO2508-P-3650,2.2,1.8,2.0
2025-08-01,2025-08-01 11:18:46.500,IO2508-P-3650,2.2,1.8,2.0
2025-08-01,2025-08-01 11:19:06.500,IO2508-P-3650,2.2,1.8,2.0
2025-08-01,2025-08-01 11:19:07.000,IO2508-P-3650,2.2,1.8,2.0
2025-08-01,2025-08-01 11:19:35.500,IO2508-P-3650,2.2,1.8,2.0
2025-08-01,2025-08-01 11:19:36.000,IO2508-P-3650,2.2,1.8,2.0
2025-08-01,2025-08-01 11:19:36.500,IO2508-P-3650,2.2,1.8,2.0
2025-08-01,2025-08-01 11:19:37.000,IO2508-P-3650,2.2,1.8,2.0
2025-08-01,2025-08-01 11:19:39.500,IO2508-P-3650,2.2,1.8,2.0
2025-08-01,2025-08-01 11:20:01.000,IO2508-P-3650,2.2,1.8,2.0
2025-08-01,2025-08-01 11:20:01.500,IO2508-P-3650,2.2,1.8,2.0
2025-08-01,2025-08-01 11:20:06.500,IO2508-P-3650,2.2,1.8,2.0
2025-08-01,2025-08-01 11:20:07.000,IO2508-P-3650,2.2,1.8,2.0
2025-08-01,2025-08-01 11:20:36.000,IO2508-P-3650,2.2,1.8,2.0
2025-08-01,2025-08-01 11:20:36.500,IO2508-P-3650,2.2,1.8,2.0
2025-08-01,2025-08-01 11:20:37.000,IO2508-P-3650,2.2,1.8,2.0
2025-08-01,2025-08-01 11:20:37.500,IO2508-P-3650,2.2,1.8,2.0
2025-08-01,2025-08-01 11:21:02.000,IO2508-P-3650,2.2,1.8,2.0
2025-08-01,2025-08-01 11:21:06.500,IO2508-P-3650,2.2,1.8,2.0
2025-08-01,2025-08-01 11:21:07.000,IO2508-P-3650,2.2,1.8,2.0
2025-08-01,2025-08-01 11:21:20.000,IO2508-P-3650,2.2,1.8,2.0
2025-08-01,2025-08-01 11:21:20.500,IO2508-P-3650,2.2,1.8,2.0
2025-08-01,2025-08-01 11:21:26.500,IO2508-P-3650,2.2,1.8,2.0
2025-08-01,2025-08-01 11:21:36.500,IO2508-P-3650,2.2,1.8,2.0
2025-08-01,2025-08-01 11:21:37.000,IO2508-P-3650,2.2,1.8,2.0
2025-08-01,2025-08-01 11:22:06.500,IO2508-P-3650,2.2,1.8,2.0
2025-08-01,2025-08-01 11:22:07.000,IO2508-P-3650,2.2,1.8,2.0
2025-08-01,2025-08-01 11:22:07.500,IO2508-P-3650,2.2,1.8,2.0
2025-08-01,2025-08-01 11:22:36.500,IO2508-P-3650,2.2,1.8,2.0
2025-08-01,2025-08-01 11:22:37.000,IO2508-P-3650,2.2,1.8,2.0
2025-08-01,2025-08-01 11:22:49.500,IO2508-P-3650,2.2,1.8,2.0
2025-08-01,2025-08-01 11:22:50.000,IO2508-P-3650,2.2,1.8,2.0
2025-08-01,2025-08-01 11:22:56.000,IO2508-P-3650,2.2,1.8,2.0
2025-08-01,2025-08-01 11:23:06.500,IO2508-P-3650,2.2,1.8,2.0
2025-08-01,2025-08-01 11:23:07.000,IO2508-P-3650,2.2,1.8,2.0
2025-08-01,2025-08-01 11:23:12.000,IO2508-P-3650,2.2,1.8,2.0
2025-08-01,2025-08-01 11:23:36.500,IO2508-P-3650,2.2,1.8,2.0
2025-08-01,2025-08-01 11:23:37.000,IO2508-P-3650,2.2,1.8,2.0
2025-08-01,2025-08-01 11:23:41.000,IO2508-P-3650,2.2,1.8,2.0
2025-08-01,2025-08-01 11:24:06.500,IO2508-P-3650,2.2,1.8,2.0
2025-08-01,2025-08-01 11:24:07.000,IO2508-P-3650,2.2,1.8,2.0
2025-08-01,2025-08-01 11:24:36.500,IO2508-P-3650,2.2,1.8,2.0
2025-08-01,2025-08-01 11:24:37.000,IO2508-P-3650,2.2,1.8,2.0
2025-08-01,2025-08-01 11:25:06.500,IO2508-P-3650,2.2,1.8,2.0
2025-08-01,2025-08-01 11:25:07.000,IO2508-P-3650,2.2,1.8,2.0
2025-08-01,2025-08-01 11:25:20.500,IO2508-P-3650,2.2,1.8,2.0
2025-08-01,2025-08-01 11:25:29.500,IO2508-P-3650,2.2,1.8,2.0
2025-08-01,2025-08-01 11:25:30.000,IO2508-P-3650,2.2,1.8,2.0
2025-08-01,2025-08-01 11:25:32.500,IO2508-P-3650,2.2,1.8,2.0
2025-08-01,2025-08-01 11:25:36.500,IO2508-P-3650,2.2,1.8,2.0
2025-08-01,2025-08-01 11:25:37.000,IO2508-P-3650,2.2,1.8,2.0
2025-08-01,2025-08-01 11:25:37.500,IO2508-P-3650,2.2,1.8,2.0
2025-08-01,2025-08-01 11:25:39.500,IO2508-P-3650,2.2,1.8,2.0
2025-08-01,2025-08-01 11:26:06.500,IO2508-P-3650,2.2,1.8,2.0
2025-08-01,2025-08-01 11:26:07.000,IO2508-P-3650,2.2,1.8,2.0
2025-08-01,2025-08-01 11:26:18.500,IO2508-P-3650,2.2,1.8,2.0
2025-08-01,2025-08-01 11:26:19.000,IO2508-P-3650,2.2,1.8,2.0
2025-08-01,2025-08-01 11:26:25.000,IO2508-P-3650,2.2,1.8,2.0
2025-08-01,2025-08-01 11:26:36.500,IO2508-P-3650,2.2,1.8,2.0
2025-08-01,2025-08-01 11:26:37.000,IO2508-P-3650,2.2,1.8,2.0
2025-08-01,2025-08-01 11:27:06.500,IO2508-P-3650,2.2,1.8,2.0
2025-08-01,2025-08-01 11:27:07.000,IO2508-P-3650,2.2,1.8,2.0
2025-08-01,2025-08-01 11:27:09.000,IO2508-P-3650,2.2,1.8,2.0
2025-08-01,2025-08-01 11:27:09.500,IO2508-P-3650,2.2,1.8,2.0
2025-08-01,2025-08-01 11:27:22.500,IO2508-P-3650,2.2,1.8,2.0
2025-08-01,2025-08-01 11:27:25.500,IO2508-P-3650,2.2,1.8,2.0
2025-08-01,2025-08-01 11:27:28.000,IO2508-P-3650,2.2,1.8,2.0
2025-08-01,2025-08-01 11:27:36.500,IO2508-P-3650,2.2,1.8,2.0
2025-08-01,2025-08-01 11:27:37.000,IO2508-P-3650,2.2,1.8,2.0
2025-08-01,2025-08-01 11:27:42.000,IO2508-P-3650,2.2,1.8,2.0
2025-08-01,2025-08-01 11:27:42.500,IO2508-P-3650,2.2,1.8,2.0
2025-08-01,2025-08-01 11:27:43.000,IO2508-P-3650,2.2,1.8,2.0
2025-08-01,2025-08-01 11:27:48.000,IO2508-P-3650,2.2,1.8,2.0
2025-08-01,2025-08-01 11:28:05.000,IO2508-P-3650,2.2,1.8,2.0
2025-08-01,2025-08-01 11:28:06.500,IO2508-P-3650,2.2,1.8,2.0
2025-08-01,2025-08-01 11:28:07.000,IO2508-P-3650,2.2,1.8,2.0
2025-08-01,2025-08-01 11:28:07.500,IO2508-P-3650,2.2,1.8,2.0
2025-08-01,2025-08-01 11:28:36.500,IO2508-P-3650,2.2,1.8,2.0
2025-08-01,2025-08-01 11:28:37.000,IO2508-P-3650,2.2,1.8,2.0
2025-08-01,2025-08-01 11:28:50.000,IO2508-P-3650,2.2,1.8,2.0
2025-08-01,2025-08-01 11:28:50.500,IO2508-P-3650,1.8,1.8,2.0
2025-08-01,2025-08-01 11:29:01.500,IO2508-P-3650,1.8,1.8,2.0
2025-08-01,2025-08-01 11:29:02.000,IO2508-P-3650,1.8,1.8,2.0
2025-08-01,2025-08-01 11:29:06.500,IO2508-P-3650,1.8,1.8,2.0
2025-08-01,2025-08-01 11:29:07.000,IO2508-P-3650,1.8,1.8,2.0
2025-08-01,2025-08-01 11:29:07.500,IO2508-P-3650,1.8,1.8,2.0
2025-08-01,2025-08-01 11:29:10.000,IO2508-P-3650,1.8,1.8,2.0
2025-08-01,2025-08-01 11:29:10.500,IO2508-P-3650,1.8,1.8,2.0
2025-08-01,2025-08-01 11:29:20.500,IO2508-P-3650,1.8,1.8,2.0
2025-08-01,2025-08-01 11:29:22.500,IO2508-P-3650,1.8,1.8,2.0
2025-08-01,2025-08-01 11:29:30.000,IO2508-P-3650,1.8,1.8,2.0
2025-08-01,2025-08-01 11:29:30.500,IO2508-P-3650,1.8,1.8,2.0
2025-08-01,2025-08-01 11:29:31.000,IO2508-P-3650,1.8,1.8,2.0
2025-08-01,2025-08-01 11:29:31.500,IO2508-P-3650,1.8,1.8,2.0
2025-08-01,2025-08-01 11:29:32.000,IO2508-P-3650,1.8,1.8,2.0
2025-08-01,2025-08-01 11:29:34.000,IO2508-P-3650,1.8,1.8,2.0
2025-08-01,2025-08-01 11:29:34.500,IO2508-P-3650,1.8,1.8,2.0
2025-08-01,2025-08-01 11:29:35.500,IO2508-P-3650,1.8,1.8,2.0
2025-08-01,2025-08-01 11:29:39.000,IO2508-P-3650,1.8,1.8,2.0
2025-08-01,2025-08-01 11:29:39.500,IO2508-P-3650,1.8,1.8,2.0
2025-08-01,2025-08-01 11:29:40.000,IO2508-P-3650,1.8,1.8,2.0
2025-08-01,2025-08-01 11:29:40.500,IO2508-P-3650,1.8,1.8,2.0
2025-08-01,2025-08-01 11:29:41.000,IO2508-P-3650,1.8,1.8,2.0
2025-08-01,2025-08-01 11:29:44.500,IO2508-P-3650,1.8,1.8,2.0
2025-08-01,2025-08-01 11:29:45.000,IO2508-P-3650,1.8,1.8,2.0
2025-08-01,2025-08-01 11:29:45.500,IO2508-P-3650,1.8,1.8,2.0
2025-08-01,2025-08-01 11:29:46.000,IO2508-P-3650,1.8,1.8,2.0
2025-08-01,2025-08-01 11:29:46.500,IO2508-P-3650,1.8,1.8,2.2
2025-08-01,2025-08-01 11:29:47.500,IO2508-P-3650,1.8,1.8,2.2
2025-08-01,2025-08-01 11:29:48.000,IO2508-P-3650,1.8,1.8,2.2
2025-08-01,2025-08-01 11:29:48.500,IO2508-P-3650,1.8,1.8,2.4
2025-08-01,2025-08-01 11:29:49.000,IO2508-P-3650,1.8,1.8,2.4
2025-08-01,2025-08-01 11:29:49.500,IO2508-P-3650,1.8,1.8,2.4
2025-08-01,2025-08-01 11:29:50.000,IO2508-P-3650,1.8,1.8,2.4
2025-08-01,2025-08-01 11:29:50.500,IO2508-P-3650,1.8,1.8,2.4
2025-08-01,2025-08-01 11:29:59.500,IO2508-P-3650,1.8,1.8,2.4
2025-08-01,2025-08-01 11:30:00.000,IO2508-P-3650,1.8,1.8,2.4
2025-08-01,2025-08-01 13:00:00.500,IO2508-P-3650,1.8,1.8,2.4
2025-08-01,2025-08-01 13:00:01.000,IO2508-P-3650,1.8,1.8,2.4
2025-08-01,2025-08-01 13:00:03.000,IO2508-P-3650,1.8,1.8,2.4
2025-08-01,2025-08-01 13:00:06.500,IO2508-P-3650,1.8,1.8,2.2
2025-08-01,2025-08-01 13:00:10.500,IO2508-P-3650,1.8,1.8,2.2
2025-08-01,2025-08-01 13:00:11.000,IO2508-P-3650,1.8,1.8,2.2
2025-08-01,2025-08-01 13:00:11.500,IO2508-P-3650,1.8,1.8,2.2
2025-08-01,2025-08-01 13:00:12.000,IO2508-P-3650,1.8,1.8,2.2
2025-08-01,2025-08-01 13:00:12.500,IO2508-P-3650,1.8,1.8,2.2
2025-08-01,2025-08-01 13:00:13.000,IO2508-P-3650,1.8,1.8,2.2
2025-08-01,2025-08-01 13:00:13.500,IO2508-P-3650,1.8,1.8,2.2
2025-08-01,2025-08-01 13:00:14.500,IO2508-P-3650,1.8,1.8,2.2
2025-08-01,2025-08-01 13:00:15.000,IO2508-P-3650,1.8,1.8,2.2
2025-08-01,2025-08-01 13:00:16.000,IO2508-P-3650,1.8,1.8,2.2
2025-08-01,2025-08-01 13:00:16.500,IO2508-P-3650,1.8,1.8,2.2
2025-08-01,2025-08-01 13:00:17.000,IO2508-P-3650,1.8,1.8,2.2
2025-08-01,2025-08-01 13:00:17.500,IO2508-P-3650,1.8,1.8,2.2
2025-08-01,2025-08-01 13:00:18.000,IO2508-P-3650,1.8,1.8,2.0
2025-08-01,2025-08-01 13:00:19.000,IO2508-P-3650,1.8,1.8,2.0
2025-08-01,2025-08-01 13:00:20.000,IO2508-P-3650,1.8,1.8,2.0
2025-08-01,2025-08-01 13:00:21.000,IO2508-P-3650,1.8,1.8,2.0
2025-08-01,2025-08-01 13:00:23.500,IO2508-P-3650,1.8,1.8,2.0
2025-08-01,2025-08-01 13:00:26.500,IO2508-P-3650,1.8,1.8,2.0
2025-08-01,2025-08-01 13:00:28.000,IO2508-P-3650,1.8,1.8,2.0
2025-08-01,2025-08-01 13:00:30.000,IO2508-P-3650,1.8,1.8,2.0
2025-08-01,2025-08-01 13:00:30.500,IO2508-P-3650,1.8,1.8,2.0
2025-08-01,2025-08-01 13:00:35.500,IO2508-P-3650,1.8,1.8,2.0
