tradingdate,tradingtime,symbol,lastprice,buyprice01,sellprice01
2025-08-22,2025-08-22 09:29:00.200,IO2606-C-4800,157.6,156.4,171.2
2025-08-22,2025-08-22 09:30:00.200,IO2606-C-4800,157.6,156.4,171.2
2025-08-22,2025-08-22 09:30:00.700,IO2606-C-4800,157.6,156.4,171.2
2025-08-22,2025-08-22 09:30:01.200,IO2606-C-4800,157.6,156.4,171.2
2025-08-22,2025-08-22 09:30:01.700,IO2606-C-4800,157.6,156.6,171.0
2025-08-22,2025-08-22 09:30:02.200,IO2606-C-4800,157.6,156.6,171.0
2025-08-22,2025-08-22 09:30:12.200,IO2606-C-4800,157.6,156.4,171.2
2025-08-22,2025-08-22 09:30:12.700,IO2606-C-4800,157.6,156.4,171.2
2025-08-22,2025-08-22 09:30:13.200,IO2606-C-4800,157.6,156.6,171.2
2025-08-22,2025-08-22 09:30:14.200,IO2606-C-4800,157.6,156.6,171.2
2025-08-22,2025-08-22 09:30:14.700,IO2606-C-4800,157.6,156.6,171.2
2025-08-22,2025-08-22 09:30:16.200,IO2606-C-4800,157.6,156.6,171.2
2025-08-22,2025-08-22 09:30:17.200,IO2606-C-4800,157.6,156.6,171.2
2025-08-22,2025-08-22 09:30:17.700,IO2606-C-4800,157.6,156.6,171.2
2025-08-22,2025-08-22 09:30:18.200,IO2606-C-4800,157.6,156.6,171.2
2025-08-22,2025-08-22 09:30:18.700,IO2606-C-4800,157.6,156.6,171.2
2025-08-22,2025-08-22 09:30:19.200,IO2606-C-4800,157.6,156.6,171.2
2025-08-22,2025-08-22 09:30:19.700,IO2606-C-4800,157.6,158.6,170.8
2025-08-22,2025-08-22 09:30:20.200,IO2606-C-4800,157.6,158.6,170.8
2025-08-22,2025-08-22 09:30:20.700,IO2606-C-4800,157.6,158.8,170.8
2025-08-22,2025-08-22 09:30:21.200,IO2606-C-4800,157.6,158.8,170.8
2025-08-22,2025-08-22 09:30:21.700,IO2606-C-4800,157.6,158.8,170.8
2025-08-22,2025-08-22 09:30:22.200,IO2606-C-4800,157.6,158.8,170.8
2025-08-22,2025-08-22 09:30:23.700,IO2606-C-4800,157.6,159.0,170.8
2025-08-22,2025-08-22 09:30:24.200,IO2606-C-4800,157.6,159.0,170.8
2025-08-22,2025-08-22 09:30:25.200,IO2606-C-4800,157.6,159.0,170.8
2025-08-22,2025-08-22 09:30:25.700,IO2606-C-4800,157.6,159.0,170.8
2025-08-22,2025-08-22 09:30:27.700,IO2606-C-4800,157.6,159.0,170.8
2025-08-22,2025-08-22 09:30:29.200,IO2606-C-4800,157.6,159.0,170.8
2025-08-22,2025-08-22 09:30:29.700,IO2606-C-4800,157.6,159.0,170.8
2025-08-22,2025-08-22 09:30:32.200,IO2606-C-4800,157.6,159.0,170.8
2025-08-22,2025-08-22 09:30:33.200,IO2606-C-4800,157.6,159.0,170.8
2025-08-22,2025-08-22 09:30:36.700,IO2606-C-4800,157.6,161.2,168.6
2025-08-22,2025-08-22 09:30:37.200,IO2606-C-4800,157.6,161.4,168.6
2025-08-22,2025-08-22 09:30:37.700,IO2606-C-4800,157.6,161.4,168.6
2025-08-22,2025-08-22 09:30:38.200,IO2606-C-4800,157.6,161.4,168.6
2025-08-22,2025-08-22 09:30:38.700,IO2606-C-4800,157.6,161.4,168.6
2025-08-22,2025-08-22 09:30:39.700,IO2606-C-4800,157.6,161.4,168.6
2025-08-22,2025-08-22 09:30:40.700,IO2606-C-4800,157.6,161.6,168.6
2025-08-22,2025-08-22 09:30:41.200,IO2606-C-4800,157.6,161.6,168.6
2025-08-22,2025-08-22 09:30:41.700,IO2606-C-4800,157.6,161.6,168.6
2025-08-22,2025-08-22 09:30:42.700,IO2606-C-4800,157.6,161.6,168.8
2025-08-22,2025-08-22 09:30:45.700,IO2606-C-4800,157.6,161.6,168.8
2025-08-22,2025-08-22 09:30:46.200,IO2606-C-4800,157.6,161.6,168.8
2025-08-22,2025-08-22 09:30:46.700,IO2606-C-4800,157.6,161.8,168.8
2025-08-22,2025-08-22 09:30:47.200,IO2606-C-4800,157.6,161.8,168.8
2025-08-22,2025-08-22 09:30:47.700,IO2606-C-4800,157.6,161.8,168.8
2025-08-22,2025-08-22 09:30:48.700,IO2606-C-4800,157.6,161.8,169.0
2025-08-22,2025-08-22 09:30:50.200,IO2606-C-4800,157.6,162.0,169.0
2025-08-22,2025-08-22 09:30:51.700,IO2606-C-4800,157.6,162.0,169.2
2025-08-22,2025-08-22 09:30:52.200,IO2606-C-4800,157.6,162.0,169.2
2025-08-22,2025-08-22 09:30:53.700,IO2606-C-4800,157.6,162.0,169.2
2025-08-22,2025-08-22 09:30:54.200,IO2606-C-4800,157.6,162.0,169.2
2025-08-22,2025-08-22 09:30:54.700,IO2606-C-4800,157.6,162.0,169.2
2025-08-22,2025-08-22 09:31:01.700,IO2606-C-4800,157.6,162.2,169.2
2025-08-22,2025-08-22 09:31:02.200,IO2606-C-4800,157.6,162.2,169.2
2025-08-22,2025-08-22 09:31:03.200,IO2606-C-4800,157.6,162.2,169.2
2025-08-22,2025-08-22 09:31:03.700,IO2606-C-4800,157.6,162.2,169.4
2025-08-22,2025-08-22 09:31:04.200,IO2606-C-4800,157.6,162.2,169.4
2025-08-22,2025-08-22 09:31:04.700,IO2606-C-4800,157.6,162.2,169.4
2025-08-22,2025-08-22 09:31:06.200,IO2606-C-4800,157.6,162.2,169.4
2025-08-22,2025-08-22 09:31:06.700,IO2606-C-4800,157.6,162.2,169.4
2025-08-22,2025-08-22 09:31:07.700,IO2606-C-4800,157.6,162.4,169.4
2025-08-22,2025-08-22 09:31:08.200,IO2606-C-4800,157.6,162.4,169.4
2025-08-22,2025-08-22 09:31:08.700,IO2606-C-4800,157.6,162.4,169.4
2025-08-22,2025-08-22 09:31:09.700,IO2606-C-4800,157.6,162.6,169.6
2025-08-22,2025-08-22 09:31:10.200,IO2606-C-4800,157.6,162.6,169.6
2025-08-22,2025-08-22 09:31:10.700,IO2606-C-4800,157.6,162.6,169.6
2025-08-22,2025-08-22 09:31:11.200,IO2606-C-4800,157.6,162.4,169.6
2025-08-22,2025-08-22 09:31:11.700,IO2606-C-4800,157.6,162.4,169.6
2025-08-22,2025-08-22 09:31:12.700,IO2606-C-4800,157.6,162.4,169.6
2025-08-22,2025-08-22 09:31:13.200,IO2606-C-4800,157.6,162.4,169.6
2025-08-22,2025-08-22 09:31:13.700,IO2606-C-4800,157.6,162.6,169.6
2025-08-22,2025-08-22 09:31:14.200,IO2606-C-4800,157.6,162.6,169.6
2025-08-22,2025-08-22 09:31:15.200,IO2606-C-4800,157.6,162.6,169.6
2025-08-22,2025-08-22 09:31:15.700,IO2606-C-4800,157.6,162.6,169.8
2025-08-22,2025-08-22 09:31:16.200,IO2606-C-4800,157.6,162.6,169.6
2025-08-22,2025-08-22 09:31:16.700,IO2606-C-4800,157.6,162.6,169.6
2025-08-22,2025-08-22 09:31:17.700,IO2606-C-4800,157.6,162.6,169.6
2025-08-22,2025-08-22 09:31:19.700,IO2606-C-4800,157.6,162.6,169.6
2025-08-22,2025-08-22 09:31:20.200,IO2606-C-4800,157.6,162.6,169.6
2025-08-22,2025-08-22 09:31:21.700,IO2606-C-4800,157.6,162.6,169.8
2025-08-22,2025-08-22 09:31:23.200,IO2606-C-4800,157.6,162.6,169.8
2025-08-22,2025-08-22 09:31:24.700,IO2606-C-4800,157.6,162.6,169.8
2025-08-22,2025-08-22 09:31:26.200,IO2606-C-4800,157.6,162.6,169.8
2025-08-22,2025-08-22 09:31:26.700,IO2606-C-4800,157.6,162.6,169.8
2025-08-22,2025-08-22 09:31:27.200,IO2606-C-4800,157.6,162.6,169.8
2025-08-22,2025-08-22 09:31:28.700,IO2606-C-4800,157.6,162.6,169.8
2025-08-22,2025-08-22 09:31:29.700,IO2606-C-4800,157.6,162.8,169.8
2025-08-22,2025-08-22 09:31:30.700,IO2606-C-4800,157.6,162.8,170.0
2025-08-22,2025-08-22 09:31:31.200,IO2606-C-4800,157.6,162.8,170.0
2025-08-22,2025-08-22 09:31:31.700,IO2606-C-4800,157.6,163.0,170.0
2025-08-22,2025-08-22 09:31:32.700,IO2606-C-4800,157.6,163.0,170.0
2025-08-22,2025-08-22 09:31:33.700,IO2606-C-4800,157.6,163.0,170.2
2025-08-22,2025-08-22 09:31:34.200,IO2606-C-4800,157.6,163.0,170.2
2025-08-22,2025-08-22 09:31:36.700,IO2606-C-4800,157.6,163.0,170.2
2025-08-22,2025-08-22 09:31:37.200,IO2606-C-4800,157.6,163.0,170.2
2025-08-22,2025-08-22 09:31:38.200,IO2606-C-4800,157.6,163.2,170.2
2025-08-22,2025-08-22 09:31:38.700,IO2606-C-4800,157.6,163.2,170.2
2025-08-22,2025-08-22 09:31:39.200,IO2606-C-4800,157.6,163.2,170.2
2025-08-22,2025-08-22 09:31:39.700,IO2606-C-4800,157.6,163.2,170.2
2025-08-22,2025-08-22 09:31:40.700,IO2606-C-4800,157.6,163.2,170.2
2025-08-22,2025-08-22 09:31:41.200,IO2606-C-4800,157.6,163.2,170.2
2025-08-22,2025-08-22 09:31:47.200,IO2606-C-4800,157.6,163.2,170.2
2025-08-22,2025-08-22 09:31:49.200,IO2606-C-4800,157.6,163.2,170.2
2025-08-22,2025-08-22 09:31:58.700,IO2606-C-4800,157.6,163.2,170.2
2025-08-22,2025-08-22 09:31:59.700,IO2606-C-4800,157.6,163.2,170.2
2025-08-22,2025-08-22 09:32:07.200,IO2606-C-4800,157.6,163.2,170.4
2025-08-22,2025-08-22 09:32:07.700,IO2606-C-4800,157.6,163.2,170.4
2025-08-22,2025-08-22 09:32:08.200,IO2606-C-4800,157.6,163.2,170.4
2025-08-22,2025-08-22 09:32:08.700,IO2606-C-4800,157.6,163.2,170.4
2025-08-22,2025-08-22 09:32:09.700,IO2606-C-4800,157.6,163.2,170.4
2025-08-22,2025-08-22 09:32:12.700,IO2606-C-4800,157.6,163.4,170.4
2025-08-22,2025-08-22 09:32:13.700,IO2606-C-4800,157.6,163.4,170.4
2025-08-22,2025-08-22 09:32:15.700,IO2606-C-4800,157.6,163.4,170.4
2025-08-22,2025-08-22 09:32:16.200,IO2606-C-4800,157.6,163.6,170.4
2025-08-22,2025-08-22 09:32:18.700,IO2606-C-4800,157.6,163.6,170.4
2025-08-22,2025-08-22 09:32:19.200,IO2606-C-4800,157.6,163.6,170.4
2025-08-22,2025-08-22 09:32:23.200,IO2606-C-4800,157.6,163.6,170.4
2025-08-22,2025-08-22 09:32:25.200,IO2606-C-4800,157.6,163.6,170.4
2025-08-22,2025-08-22 09:32:25.700,IO2606-C-4800,157.6,163.6,170.4
2025-08-22,2025-08-22 09:32:26.700,IO2606-C-4800,157.6,163.6,170.2
2025-08-22,2025-08-22 09:32:27.700,IO2606-C-4800,157.6,163.6,170.2
2025-08-22,2025-08-22 09:32:31.700,IO2606-C-4800,157.6,163.6,170.2
2025-08-22,2025-08-22 09:32:34.200,IO2606-C-4800,157.6,163.6,170.4
2025-08-22,2025-08-22 09:32:34.700,IO2606-C-4800,157.6,163.6,170.4
2025-08-22,2025-08-22 09:32:35.200,IO2606-C-4800,157.6,163.6,170.4
2025-08-22,2025-08-22 09:32:35.700,IO2606-C-4800,157.6,163.6,170.4
2025-08-22,2025-08-22 09:32:36.700,IO2606-C-4800,157.6,163.6,170.4
2025-08-22,2025-08-22 09:32:37.200,IO2606-C-4800,157.6,163.6,170.4
2025-08-22,2025-08-22 09:32:37.700,IO2606-C-4800,157.6,163.6,170.4
2025-08-22,2025-08-22 09:32:39.700,IO2606-C-4800,157.6,163.6,170.4
2025-08-22,2025-08-22 09:32:40.200,IO2606-C-4800,157.6,163.6,170.4
2025-08-22,2025-08-22 09:32:40.700,IO2606-C-4800,157.6,163.6,170.4
2025-08-22,2025-08-22 09:32:41.200,IO2606-C-4800,157.6,163.6,170.4
2025-08-22,2025-08-22 09:32:41.700,IO2606-C-4800,157.6,163.6,170.2
2025-08-22,2025-08-22 09:32:42.200,IO2606-C-4800,157.6,163.6,170.2
2025-08-22,2025-08-22 09:32:42.700,IO2606-C-4800,157.6,163.6,170.2
2025-08-22,2025-08-22 09:32:43.200,IO2606-C-4800,157.6,163.6,170.2
2025-08-22,2025-08-22 09:32:48.200,IO2606-C-4800,157.6,163.6,170.4
2025-08-22,2025-08-22 09:32:48.700,IO2606-C-4800,157.6,163.6,170.4
2025-08-22,2025-08-22 09:32:49.200,IO2606-C-4800,157.6,163.6,170.4
2025-08-22,2025-08-22 09:32:49.700,IO2606-C-4800,157.6,163.6,170.6
2025-08-22,2025-08-22 09:32:50.200,IO2606-C-4800,157.6,163.6,170.6
2025-08-22,2025-08-22 09:32:50.700,IO2606-C-4800,157.6,163.6,170.6
2025-08-22,2025-08-22 09:32:51.200,IO2606-C-4800,157.6,163.6,170.4
2025-08-22,2025-08-22 09:32:51.700,IO2606-C-4800,157.6,163.6,170.4
2025-08-22,2025-08-22 09:32:54.700,IO2606-C-4800,157.6,163.6,170.4
2025-08-22,2025-08-22 09:32:58.200,IO2606-C-4800,157.6,163.6,170.6
2025-08-22,2025-08-22 09:32:58.700,IO2606-C-4800,157.6,163.6,170.6
2025-08-22,2025-08-22 09:32:59.200,IO2606-C-4800,157.6,163.6,170.6
2025-08-22,2025-08-22 09:33:00.700,IO2606-C-4800,157.6,163.6,170.6
2025-08-22,2025-08-22 09:33:01.200,IO2606-C-4800,157.6,163.6,170.6
2025-08-22,2025-08-22 09:33:05.200,IO2606-C-4800,157.6,163.6,170.6
2025-08-22,2025-08-22 09:33:05.700,IO2606-C-4800,157.6,163.6,170.8
2025-08-22,2025-08-22 09:33:06.200,IO2606-C-4800,157.6,163.6,170.6
2025-08-22,2025-08-22 09:33:06.700,IO2606-C-4800,157.6,163.6,170.6
2025-08-22,2025-08-22 09:33:07.200,IO2606-C-4800,157.6,163.8,170.6
2025-08-22,2025-08-22 09:33:07.700,IO2606-C-4800,157.6,163.8,170.6
2025-08-22,2025-08-22 09:33:09.700,IO2606-C-4800,157.6,163.8,170.6
2025-08-22,2025-08-22 09:33:28.700,IO2606-C-4800,157.6,163.8,170.6
2025-08-22,2025-08-22 09:33:50.700,IO2606-C-4800,157.6,164.2,170.6
2025-08-22,2025-08-22 09:33:51.200,IO2606-C-4800,157.6,164.2,170.6
2025-08-22,2025-08-22 09:33:51.700,IO2606-C-4800,157.6,164.2,170.6
2025-08-22,2025-08-22 09:33:52.200,IO2606-C-4800,157.6,164.2,170.6
2025-08-22,2025-08-22 09:33:54.700,IO2606-C-4800,157.6,164.4,170.6
2025-08-22,2025-08-22 09:33:55.200,IO2606-C-4800,157.6,164.4,170.6
2025-08-22,2025-08-22 09:33:57.700,IO2606-C-4800,157.6,164.4,170.6
2025-08-22,2025-08-22 09:34:44.700,IO2606-C-4800,157.6,164.4,170.8
2025-08-22,2025-08-22 09:34:45.200,IO2606-C-4800,157.6,164.4,170.8
2025-08-22,2025-08-22 09:34:45.700,IO2606-C-4800,157.6,164.4,170.8
2025-08-22,2025-08-22 09:34:46.200,IO2606-C-4800,157.6,164.4,170.8
2025-08-22,2025-08-22 09:34:46.700,IO2606-C-4800,157.6,164.4,170.8
2025-08-22,2025-08-22 09:34:48.200,IO2606-C-4800,157.6,164.4,170.8
2025-08-22,2025-08-22 09:34:49.200,IO2606-C-4800,157.6,164.4,170.8
2025-08-22,2025-08-22 09:34:49.700,IO2606-C-4800,157.6,164.4,170.8
2025-08-22,2025-08-22 09:34:50.200,IO2606-C-4800,157.6,164.4,170.8
2025-08-22,2025-08-22 09:34:51.700,IO2606-C-4800,157.6,164.4,170.8
2025-08-22,2025-08-22 09:34:52.200,IO2606-C-4800,157.6,164.4,170.8
2025-08-22,2025-08-22 09:34:52.700,IO2606-C-4800,157.6,164.4,170.8
2025-08-22,2025-08-22 09:34:56.200,IO2606-C-4800,157.6,164.4,170.8
2025-08-22,2025-08-22 09:34:59.700,IO2606-C-4800,157.6,165.4,170.8
2025-08-22,2025-08-22 09:35:00.200,IO2606-C-4800,157.6,165.4,170.8
2025-08-22,2025-08-22 09:35:00.700,IO2606-C-4800,157.6,165.6,171.2
2025-08-22,2025-08-22 09:35:01.200,IO2606-C-4800,157.6,165.6,171.2
2025-08-22,2025-08-22 09:35:01.700,IO2606-C-4800,157.6,165.6,171.2
2025-08-22,2025-08-22 09:35:02.200,IO2606-C-4800,157.6,165.6,171.2
2025-08-22,2025-08-22 09:35:02.700,IO2606-C-4800,157.6,165.8,171.2
2025-08-22,2025-08-22 09:35:03.200,IO2606-C-4800,157.6,165.8,171.2
2025-08-22,2025-08-22 09:35:03.700,IO2606-C-4800,157.6,165.8,171.2
2025-08-22,2025-08-22 09:35:04.200,IO2606-C-4800,157.6,165.8,171.2
2025-08-22,2025-08-22 09:35:04.700,IO2606-C-4800,157.6,165.8,171.4
2025-08-22,2025-08-22 09:35:05.200,IO2606-C-4800,157.6,165.8,171.4
2025-08-22,2025-08-22 09:35:05.700,IO2606-C-4800,157.6,165.8,171.4
2025-08-22,2025-08-22 09:35:06.200,IO2606-C-4800,157.6,165.8,171.6
2025-08-22,2025-08-22 09:35:06.700,IO2606-C-4800,157.6,165.8,171.6
2025-08-22,2025-08-22 09:35:07.200,IO2606-C-4800,157.6,165.8,171.6
2025-08-22,2025-08-22 09:35:07.700,IO2606-C-4800,157.6,165.8,171.6
2025-08-22,2025-08-22 09:35:08.200,IO2606-C-4800,157.6,165.8,171.6
2025-08-22,2025-08-22 09:35:10.200,IO2606-C-4800,157.6,165.8,171.6
2025-08-22,2025-08-22 09:35:11.700,IO2606-C-4800,157.6,166.0,172.0
2025-08-22,2025-08-22 09:35:12.200,IO2606-C-4800,157.6,166.2,172.0
2025-08-22,2025-08-22 09:35:12.700,IO2606-C-4800,157.6,166.2,172.0
2025-08-22,2025-08-22 09:35:13.700,IO2606-C-4800,157.6,166.2,172.0
2025-08-22,2025-08-22 09:35:14.200,IO2606-C-4800,157.6,166.2,172.0
2025-08-22,2025-08-22 09:35:14.700,IO2606-C-4800,157.6,166.2,172.0
2025-08-22,2025-08-22 09:35:15.200,IO2606-C-4800,157.6,166.2,172.0
2025-08-22,2025-08-22 09:35:15.700,IO2606-C-4800,157.6,166.2,172.0
2025-08-22,2025-08-22 09:35:16.200,IO2606-C-4800,157.6,166.2,172.0
2025-08-22,2025-08-22 09:35:16.700,IO2606-C-4800,157.6,166.2,172.0
2025-08-22,2025-08-22 09:35:17.200,IO2606-C-4800,157.6,166.2,172.0
2025-08-22,2025-08-22 09:35:17.700,IO2606-C-4800,157.6,166.2,172.0
2025-08-22,2025-08-22 09:35:18.200,IO2606-C-4800,157.6,166.2,172.0
2025-08-22,2025-08-22 09:35:20.200,IO2606-C-4800,157.6,166.4,172.2
2025-08-22,2025-08-22 09:35:20.700,IO2606-C-4800,157.6,166.4,172.4
2025-08-22,2025-08-22 09:35:21.200,IO2606-C-4800,157.6,166.4,172.4
2025-08-22,2025-08-22 09:35:21.700,IO2606-C-4800,157.6,166.4,172.4
2025-08-22,2025-08-22 09:35:22.700,IO2606-C-4800,157.6,166.6,172.4
2025-08-22,2025-08-22 09:35:23.200,IO2606-C-4800,157.6,166.6,172.4
2025-08-22,2025-08-22 09:35:24.200,IO2606-C-4800,157.6,166.6,172.4
2025-08-22,2025-08-22 09:35:24.700,IO2606-C-4800,157.6,166.6,172.4
2025-08-22,2025-08-22 09:35:25.200,IO2606-C-4800,157.6,166.6,172.4
2025-08-22,2025-08-22 09:35:25.700,IO2606-C-4800,157.6,166.6,170.0
2025-08-22,2025-08-22 09:35:26.200,IO2606-C-4800,157.6,166.8,170.0
2025-08-22,2025-08-22 09:35:26.700,IO2606-C-4800,157.6,166.8,170.0
2025-08-22,2025-08-22 09:35:27.200,IO2606-C-4800,157.6,166.8,170.0
2025-08-22,2025-08-22 09:35:27.700,IO2606-C-4800,157.6,166.8,170.0
2025-08-22,2025-08-22 09:35:28.200,IO2606-C-4800,157.6,166.6,170.0
2025-08-22,2025-08-22 09:35:28.700,IO2606-C-4800,157.6,166.6,170.0
2025-08-22,2025-08-22 09:35:29.200,IO2606-C-4800,157.6,166.8,170.0
2025-08-22,2025-08-22 09:35:32.700,IO2606-C-4800,157.6,166.8,170.0
2025-08-22,2025-08-22 09:35:33.200,IO2606-C-4800,157.6,166.8,170.0
2025-08-22,2025-08-22 09:35:33.700,IO2606-C-4800,157.6,166.8,171.6
2025-08-22,2025-08-22 09:35:34.200,IO2606-C-4800,157.6,167.0,171.8
2025-08-22,2025-08-22 09:35:34.700,IO2606-C-4800,157.6,167.0,171.8
2025-08-22,2025-08-22 09:35:35.200,IO2606-C-4800,157.6,167.0,169.0
2025-08-22,2025-08-22 09:35:35.700,IO2606-C-4800,157.6,167.0,169.0
2025-08-22,2025-08-22 09:35:36.200,IO2606-C-4800,157.6,167.0,169.0
2025-08-22,2025-08-22 09:35:36.700,IO2606-C-4800,157.6,167.0,169.0
2025-08-22,2025-08-22 09:35:37.200,IO2606-C-4800,157.6,167.0,169.0
2025-08-22,2025-08-22 09:35:37.700,IO2606-C-4800,157.6,167.0,169.0
2025-08-22,2025-08-22 09:35:39.200,IO2606-C-4800,157.6,167.0,169.0
2025-08-22,2025-08-22 09:35:39.700,IO2606-C-4800,157.6,167.0,169.0
2025-08-22,2025-08-22 09:35:41.700,IO2606-C-4800,157.6,167.0,169.0
2025-08-22,2025-08-22 09:35:42.700,IO2606-C-4800,157.6,167.0,169.0
2025-08-22,2025-08-22 09:35:43.200,IO2606-C-4800,157.6,167.0,169.0
2025-08-22,2025-08-22 09:35:47.700,IO2606-C-4800,157.6,167.0,169.0
2025-08-22,2025-08-22 09:35:48.200,IO2606-C-4800,157.6,167.0,169.0
2025-08-22,2025-08-22 09:35:49.200,IO2606-C-4800,157.6,167.0,169.0
2025-08-22,2025-08-22 09:35:50.700,IO2606-C-4800,157.6,167.0,169.0
2025-08-22,2025-08-22 09:35:55.200,IO2606-C-4800,157.6,167.0,169.0
2025-08-22,2025-08-22 09:35:58.200,IO2606-C-4800,157.6,167.0,171.4
2025-08-22,2025-08-22 09:35:58.700,IO2606-C-4800,157.6,167.0,171.6
2025-08-22,2025-08-22 09:35:59.200,IO2606-C-4800,157.6,167.0,171.6
2025-08-22,2025-08-22 09:35:59.700,IO2606-C-4800,157.6,167.0,171.6
2025-08-22,2025-08-22 09:36:00.200,IO2606-C-4800,157.6,167.0,171.6
2025-08-22,2025-08-22 09:36:00.700,IO2606-C-4800,157.6,167.0,171.6
2025-08-22,2025-08-22 09:36:01.200,IO2606-C-4800,157.6,167.0,171.6
2025-08-22,2025-08-22 09:36:01.700,IO2606-C-4800,157.6,167.0,171.6
2025-08-22,2025-08-22 09:36:02.200,IO2606-C-4800,157.6,167.0,171.6
2025-08-22,2025-08-22 09:36:03.200,IO2606-C-4800,157.6,167.2,171.4
2025-08-22,2025-08-22 09:36:03.700,IO2606-C-4800,157.6,167.2,171.4
2025-08-22,2025-08-22 09:36:04.200,IO2606-C-4800,157.6,167.2,171.4
2025-08-22,2025-08-22 09:36:04.700,IO2606-C-4800,157.6,167.2,171.4
2025-08-22,2025-08-22 09:36:05.700,IO2606-C-4800,157.6,167.2,168.0
2025-08-22,2025-08-22 09:36:06.200,IO2606-C-4800,157.6,166.8,168.0
2025-08-22,2025-08-22 09:36:06.700,IO2606-C-4800,157.6,166.8,168.0
2025-08-22,2025-08-22 09:36:07.200,IO2606-C-4800,157.6,166.8,168.0
2025-08-22,2025-08-22 09:36:07.700,IO2606-C-4800,157.6,166.6,168.0
2025-08-22,2025-08-22 09:36:08.200,IO2606-C-4800,157.6,166.6,168.0
2025-08-22,2025-08-22 09:36:08.700,IO2606-C-4800,157.6,166.8,168.0
2025-08-22,2025-08-22 09:36:09.200,IO2606-C-4800,157.6,166.8,168.0
2025-08-22,2025-08-22 09:36:09.700,IO2606-C-4800,157.6,166.8,168.0
2025-08-22,2025-08-22 09:36:12.700,IO2606-C-4800,157.6,166.8,168.0
2025-08-22,2025-08-22 09:36:13.700,IO2606-C-4800,157.6,166.8,170.6
2025-08-22,2025-08-22 09:36:14.200,IO2606-C-4800,157.6,167.0,171.0
2025-08-22,2025-08-22 09:36:14.700,IO2606-C-4800,157.6,167.0,171.0
2025-08-22,2025-08-22 09:36:15.200,IO2606-C-4800,157.6,167.0,171.0
2025-08-22,2025-08-22 09:36:15.700,IO2606-C-4800,157.6,166.8,171.2
2025-08-22,2025-08-22 09:36:16.200,IO2606-C-4800,157.6,166.8,171.2
2025-08-22,2025-08-22 09:36:16.700,IO2606-C-4800,157.6,166.8,171.2
2025-08-22,2025-08-22 09:36:17.200,IO2606-C-4800,157.6,166.8,171.2
2025-08-22,2025-08-22 09:36:18.200,IO2606-C-4800,157.6,166.8,171.2
2025-08-22,2025-08-22 09:36:18.700,IO2606-C-4800,157.6,166.8,171.2
2025-08-22,2025-08-22 09:36:19.700,IO2606-C-4800,157.6,166.8,171.4
2025-08-22,2025-08-22 09:36:20.200,IO2606-C-4800,157.6,166.8,171.4
2025-08-22,2025-08-22 09:36:21.700,IO2606-C-4800,157.6,166.8,171.4
2025-08-22,2025-08-22 09:36:22.200,IO2606-C-4800,157.6,166.8,167.0
2025-08-22,2025-08-22 09:36:22.700,IO2606-C-4800,167.0,166.8,170.4
2025-08-22,2025-08-22 09:36:23.200,IO2606-C-4800,167.0,167.0,171.2
2025-08-22,2025-08-22 09:36:23.700,IO2606-C-4800,167.0,167.0,171.2
2025-08-22,2025-08-22 09:36:24.700,IO2606-C-4800,167.0,166.6,171.8
2025-08-22,2025-08-22 09:36:25.200,IO2606-C-4800,167.0,166.6,171.8
2025-08-22,2025-08-22 09:36:26.200,IO2606-C-4800,167.0,166.8,171.8
2025-08-22,2025-08-22 09:36:26.700,IO2606-C-4800,167.0,166.8,171.8
2025-08-22,2025-08-22 09:36:27.200,IO2606-C-4800,167.0,166.8,171.8
2025-08-22,2025-08-22 09:36:29.700,IO2606-C-4800,167.0,167.0,172.0
2025-08-22,2025-08-22 09:36:30.200,IO2606-C-4800,167.0,167.0,172.0
2025-08-22,2025-08-22 09:36:30.700,IO2606-C-4800,167.0,167.0,172.0
2025-08-22,2025-08-22 09:36:31.200,IO2606-C-4800,167.0,167.0,172.0
2025-08-22,2025-08-22 09:36:33.700,IO2606-C-4800,167.0,167.0,172.2
2025-08-22,2025-08-22 09:36:34.200,IO2606-C-4800,167.0,167.0,172.2
2025-08-22,2025-08-22 09:36:36.700,IO2606-C-4800,167.0,167.0,172.2
2025-08-22,2025-08-22 09:36:37.200,IO2606-C-4800,172.2,167.0,172.2
2025-08-22,2025-08-22 09:36:37.700,IO2606-C-4800,172.2,167.0,172.4
2025-08-22,2025-08-22 09:36:38.200,IO2606-C-4800,172.2,167.0,172.4
2025-08-22,2025-08-22 09:36:38.700,IO2606-C-4800,172.2,167.0,172.4
2025-08-22,2025-08-22 09:36:39.200,IO2606-C-4800,172.2,167.0,172.2
2025-08-22,2025-08-22 09:36:39.700,IO2606-C-4800,172.2,167.0,172.2
2025-08-22,2025-08-22 09:36:40.700,IO2606-C-4800,172.2,167.0,172.2
2025-08-22,2025-08-22 09:36:42.200,IO2606-C-4800,172.2,167.0,172.4
2025-08-22,2025-08-22 09:36:42.700,IO2606-C-4800,172.2,167.0,172.4
2025-08-22,2025-08-22 09:36:43.200,IO2606-C-4800,172.2,167.0,172.4
2025-08-22,2025-08-22 09:36:46.200,IO2606-C-4800,172.2,167.0,172.6
2025-08-22,2025-08-22 09:36:46.700,IO2606-C-4800,172.2,167.0,172.6
2025-08-22,2025-08-22 09:36:48.200,IO2606-C-4800,172.2,167.0,172.6
2025-08-22,2025-08-22 09:36:48.700,IO2606-C-4800,172.2,167.0,172.6
2025-08-22,2025-08-22 09:36:51.200,IO2606-C-4800,172.2,167.0,172.6
2025-08-22,2025-08-22 09:36:57.200,IO2606-C-4800,172.2,167.0,172.6
2025-08-22,2025-08-22 09:36:59.200,IO2606-C-4800,172.2,167.0,172.4
2025-08-22,2025-08-22 09:36:59.700,IO2606-C-4800,172.2,167.0,172.4
2025-08-22,2025-08-22 09:37:00.200,IO2606-C-4800,172.2,167.0,172.4
2025-08-22,2025-08-22 09:37:00.700,IO2606-C-4800,172.2,167.0,172.4
2025-08-22,2025-08-22 09:37:01.200,IO2606-C-4800,172.2,167.0,172.4
2025-08-22,2025-08-22 09:37:02.700,IO2606-C-4800,172.2,167.2,172.4
2025-08-22,2025-08-22 09:37:03.200,IO2606-C-4800,172.2,167.2,172.4
2025-08-22,2025-08-22 09:37:04.700,IO2606-C-4800,172.2,167.4,172.6
2025-08-22,2025-08-22 09:37:05.200,IO2606-C-4800,172.2,167.4,172.6
2025-08-22,2025-08-22 09:37:05.700,IO2606-C-4800,172.2,167.4,172.6
2025-08-22,2025-08-22 09:37:06.200,IO2606-C-4800,172.2,167.4,172.6
2025-08-22,2025-08-22 09:37:06.700,IO2606-C-4800,172.2,167.4,172.6
2025-08-22,2025-08-22 09:37:12.200,IO2606-C-4800,172.2,167.6,172.8
2025-08-22,2025-08-22 09:37:12.700,IO2606-C-4800,172.2,167.6,172.8
2025-08-22,2025-08-22 09:37:13.200,IO2606-C-4800,172.2,167.6,172.8
2025-08-22,2025-08-22 09:37:13.700,IO2606-C-4800,172.2,167.6,172.8
2025-08-22,2025-08-22 09:37:17.700,IO2606-C-4800,172.2,167.6,173.0
2025-08-22,2025-08-22 09:37:18.200,IO2606-C-4800,172.2,167.6,173.0
2025-08-22,2025-08-22 09:37:18.700,IO2606-C-4800,172.2,167.6,173.0
2025-08-22,2025-08-22 09:37:19.200,IO2606-C-4800,172.2,167.6,173.0
2025-08-22,2025-08-22 09:37:21.700,IO2606-C-4800,172.2,167.6,173.0
2025-08-22,2025-08-22 09:37:24.700,IO2606-C-4800,172.2,167.6,173.2
2025-08-22,2025-08-22 09:37:25.200,IO2606-C-4800,172.2,167.6,173.2
2025-08-22,2025-08-22 09:37:25.700,IO2606-C-4800,172.2,167.6,173.2
2025-08-22,2025-08-22 09:37:27.700,IO2606-C-4800,172.2,167.6,173.2
2025-08-22,2025-08-22 09:37:31.200,IO2606-C-4800,172.2,167.6,173.4
2025-08-22,2025-08-22 09:37:31.700,IO2606-C-4800,172.2,167.6,173.6
2025-08-22,2025-08-22 09:37:32.200,IO2606-C-4800,172.2,167.6,173.6
2025-08-22,2025-08-22 09:37:33.700,IO2606-C-4800,172.2,167.6,173.6
2025-08-22,2025-08-22 09:37:35.700,IO2606-C-4800,172.2,167.6,173.6
2025-08-22,2025-08-22 09:37:36.200,IO2606-C-4800,172.2,167.6,173.6
2025-08-22,2025-08-22 09:37:37.700,IO2606-C-4800,172.2,167.6,173.6
2025-08-22,2025-08-22 09:37:38.200,IO2606-C-4800,172.2,167.6,173.6
2025-08-22,2025-08-22 09:37:38.700,IO2606-C-4800,172.2,167.6,173.6
2025-08-22,2025-08-22 09:37:40.700,IO2606-C-4800,172.2,167.6,173.6
2025-08-22,2025-08-22 09:37:42.700,IO2606-C-4800,172.2,167.6,173.6
2025-08-22,2025-08-22 09:37:44.200,IO2606-C-4800,172.2,168.6,173.6
2025-08-22,2025-08-22 09:37:44.700,IO2606-C-4800,172.2,168.6,173.6
2025-08-22,2025-08-22 09:37:45.200,IO2606-C-4800,172.2,168.6,173.6
2025-08-22,2025-08-22 09:37:45.700,IO2606-C-4800,172.2,168.6,173.6
2025-08-22,2025-08-22 09:37:46.200,IO2606-C-4800,172.2,168.6,173.6
2025-08-22,2025-08-22 09:37:46.700,IO2606-C-4800,172.2,168.8,173.6
2025-08-22,2025-08-22 09:37:47.200,IO2606-C-4800,172.2,168.8,174.0
2025-08-22,2025-08-22 09:37:47.700,IO2606-C-4800,172.2,168.8,174.0
2025-08-22,2025-08-22 09:37:48.200,IO2606-C-4800,172.2,168.8,174.0
2025-08-22,2025-08-22 09:37:48.700,IO2606-C-4800,172.2,168.8,174.0
2025-08-22,2025-08-22 09:37:49.200,IO2606-C-4800,172.2,168.8,174.0
2025-08-22,2025-08-22 09:37:49.700,IO2606-C-4800,172.2,169.0,174.0
2025-08-22,2025-08-22 09:37:50.200,IO2606-C-4800,172.2,169.0,174.0
2025-08-22,2025-08-22 09:37:50.700,IO2606-C-4800,172.2,169.0,174.0
2025-08-22,2025-08-22 09:37:51.200,IO2606-C-4800,172.2,169.0,174.4
2025-08-22,2025-08-22 09:37:51.700,IO2606-C-4800,172.2,169.0,174.4
2025-08-22,2025-08-22 09:37:52.200,IO2606-C-4800,172.2,169.0,174.6
2025-08-22,2025-08-22 09:37:52.700,IO2606-C-4800,172.2,169.0,174.6
2025-08-22,2025-08-22 09:37:54.700,IO2606-C-4800,172.2,169.0,174.6
2025-08-22,2025-08-22 09:37:55.200,IO2606-C-4800,172.2,169.0,174.6
2025-08-22,2025-08-22 09:37:56.200,IO2606-C-4800,172.2,169.0,174.6
2025-08-22,2025-08-22 09:37:56.700,IO2606-C-4800,172.2,169.0,174.6
2025-08-22,2025-08-22 09:37:58.700,IO2606-C-4800,172.2,169.0,174.6
2025-08-22,2025-08-22 09:37:59.700,IO2606-C-4800,172.2,169.0,174.6
2025-08-22,2025-08-22 09:38:18.200,IO2606-C-4800,172.2,169.0,174.6
2025-08-22,2025-08-22 09:38:18.700,IO2606-C-4800,172.2,170.0,174.6
2025-08-22,2025-08-22 09:38:19.200,IO2606-C-4800,172.2,170.0,174.8
2025-08-22,2025-08-22 09:38:19.700,IO2606-C-4800,172.2,170.0,174.8
2025-08-22,2025-08-22 09:38:20.200,IO2606-C-4800,172.2,170.0,174.8
2025-08-22,2025-08-22 09:38:20.700,IO2606-C-4800,172.2,170.2,174.8
2025-08-22,2025-08-22 09:38:21.200,IO2606-C-4800,172.2,170.2,175.0
2025-08-22,2025-08-22 09:38:21.700,IO2606-C-4800,172.2,170.2,175.0
2025-08-22,2025-08-22 09:38:22.200,IO2606-C-4800,172.2,170.2,175.0
2025-08-22,2025-08-22 09:38:25.200,IO2606-C-4800,172.2,170.2,175.2
2025-08-22,2025-08-22 09:38:25.700,IO2606-C-4800,172.2,170.2,175.2
2025-08-22,2025-08-22 09:38:26.200,IO2606-C-4800,172.2,170.2,175.2
2025-08-22,2025-08-22 09:38:26.700,IO2606-C-4800,172.2,170.2,175.2
2025-08-22,2025-08-22 09:38:27.700,IO2606-C-4800,172.2,170.2,175.2
2025-08-22,2025-08-22 09:38:29.200,IO2606-C-4800,172.2,170.2,175.2
2025-08-22,2025-08-22 09:38:29.700,IO2606-C-4800,172.2,170.2,175.2
2025-08-22,2025-08-22 09:38:30.200,IO2606-C-4800,172.2,170.2,175.2
2025-08-22,2025-08-22 09:38:30.700,IO2606-C-4800,172.2,170.2,175.2
2025-08-22,2025-08-22 09:38:31.200,IO2606-C-4800,172.2,170.2,175.2
2025-08-22,2025-08-22 09:38:33.200,IO2606-C-4800,172.2,170.2,175.2
2025-08-22,2025-08-22 09:38:34.700,IO2606-C-4800,172.2,170.2,175.2
2025-08-22,2025-08-22 09:38:35.200,IO2606-C-4800,172.2,170.2,175.2
2025-08-22,2025-08-22 09:38:35.700,IO2606-C-4800,172.2,170.2,175.2
2025-08-22,2025-08-22 09:38:37.200,IO2606-C-4800,172.2,170.2,175.2
2025-08-22,2025-08-22 09:38:39.700,IO2606-C-4800,172.2,170.2,175.2
2025-08-22,2025-08-22 09:38:40.200,IO2606-C-4800,172.2,170.2,175.4
2025-08-22,2025-08-22 09:38:40.700,IO2606-C-4800,172.2,170.2,175.4
2025-08-22,2025-08-22 09:38:42.700,IO2606-C-4800,172.2,170.2,175.4
2025-08-22,2025-08-22 09:38:43.200,IO2606-C-4800,172.2,170.2,175.4
2025-08-22,2025-08-22 09:38:44.200,IO2606-C-4800,172.2,170.2,175.4
2025-08-22,2025-08-22 09:38:44.700,IO2606-C-4800,172.2,170.4,175.4
2025-08-22,2025-08-22 09:38:45.200,IO2606-C-4800,172.2,170.4,175.4
2025-08-22,2025-08-22 09:38:45.700,IO2606-C-4800,172.2,170.4,175.4
2025-08-22,2025-08-22 09:38:49.200,IO2606-C-4800,172.2,170.6,175.4
2025-08-22,2025-08-22 09:38:49.700,IO2606-C-4800,172.2,170.6,175.4
2025-08-22,2025-08-22 09:38:50.200,IO2606-C-4800,172.2,170.6,175.4
2025-08-22,2025-08-22 09:38:53.700,IO2606-C-4800,172.2,170.6,175.4
2025-08-22,2025-08-22 09:38:54.200,IO2606-C-4800,172.2,170.6,175.4
2025-08-22,2025-08-22 09:38:57.700,IO2606-C-4800,172.2,170.6,175.4
2025-08-22,2025-08-22 09:38:58.200,IO2606-C-4800,172.2,170.6,175.4
2025-08-22,2025-08-22 09:38:59.200,IO2606-C-4800,172.2,170.6,175.4
2025-08-22,2025-08-22 09:39:01.700,IO2606-C-4800,172.2,170.6,175.4
2025-08-22,2025-08-22 09:39:04.700,IO2606-C-4800,172.2,170.6,175.4
2025-08-22,2025-08-22 09:39:05.700,IO2606-C-4800,172.2,170.6,175.4
2025-08-22,2025-08-22 09:39:08.200,IO2606-C-4800,172.2,170.6,175.4
2025-08-22,2025-08-22 09:39:18.200,IO2606-C-4800,172.2,170.6,175.2
2025-08-22,2025-08-22 09:39:18.700,IO2606-C-4800,172.2,170.6,175.2
2025-08-22,2025-08-22 09:39:23.700,IO2606-C-4800,172.2,170.6,175.4
2025-08-22,2025-08-22 09:39:24.200,IO2606-C-4800,172.2,170.6,175.4
2025-08-22,2025-08-22 09:39:24.700,IO2606-C-4800,172.2,170.6,175.6
2025-08-22,2025-08-22 09:39:25.200,IO2606-C-4800,172.2,170.6,175.6
2025-08-22,2025-08-22 09:39:25.700,IO2606-C-4800,172.2,170.6,175.6
2025-08-22,2025-08-22 09:39:28.700,IO2606-C-4800,172.2,170.6,175.6
2025-08-22,2025-08-22 09:39:32.700,IO2606-C-4800,172.2,170.6,175.6
2025-08-22,2025-08-22 09:39:33.200,IO2606-C-4800,172.2,170.6,175.6
2025-08-22,2025-08-22 09:39:33.700,IO2606-C-4800,172.2,170.6,175.6
2025-08-22,2025-08-22 09:39:34.700,IO2606-C-4800,172.2,170.6,175.6
2025-08-22,2025-08-22 09:39:35.200,IO2606-C-4800,172.2,170.6,175.6
2025-08-22,2025-08-22 09:39:37.200,IO2606-C-4800,172.2,170.6,175.6
2025-08-22,2025-08-22 09:39:38.200,IO2606-C-4800,172.2,170.6,175.6
2025-08-22,2025-08-22 09:39:38.700,IO2606-C-4800,172.2,170.6,175.6
2025-08-22,2025-08-22 09:39:40.700,IO2606-C-4800,172.2,170.6,175.6
2025-08-22,2025-08-22 09:39:41.200,IO2606-C-4800,172.2,170.6,175.6
2025-08-22,2025-08-22 09:40:01.700,IO2606-C-4800,172.2,170.6,175.6
2025-08-22,2025-08-22 09:40:03.200,IO2606-C-4800,172.2,170.6,175.8
2025-08-22,2025-08-22 09:40:03.700,IO2606-C-4800,172.2,170.6,175.8
2025-08-22,2025-08-22 09:40:04.200,IO2606-C-4800,172.2,170.6,175.8
2025-08-22,2025-08-22 09:40:08.200,IO2606-C-4800,172.2,170.6,175.6
2025-08-22,2025-08-22 09:40:08.700,IO2606-C-4800,172.2,170.6,175.6
2025-08-22,2025-08-22 09:40:10.700,IO2606-C-4800,172.2,170.6,175.6
2025-08-22,2025-08-22 09:40:12.700,IO2606-C-4800,172.2,170.6,175.6
2025-08-22,2025-08-22 09:40:13.200,IO2606-C-4800,172.2,170.6,175.6
2025-08-22,2025-08-22 09:40:17.700,IO2606-C-4800,172.2,170.6,175.6
2025-08-22,2025-08-22 09:40:18.200,IO2606-C-4800,172.2,170.6,175.6
2025-08-22,2025-08-22 09:40:24.200,IO2606-C-4800,172.2,170.4,175.6
2025-08-22,2025-08-22 09:40:25.200,IO2606-C-4800,172.2,170.4,175.6
2025-08-22,2025-08-22 09:40:46.200,IO2606-C-4800,172.2,170.4,175.6
2025-08-22,2025-08-22 09:40:46.700,IO2606-C-4800,172.2,170.4,175.6
2025-08-22,2025-08-22 09:40:55.200,IO2606-C-4800,172.2,170.2,175.6
2025-08-22,2025-08-22 09:40:55.700,IO2606-C-4800,172.2,170.2,175.6
2025-08-22,2025-08-22 09:40:56.200,IO2606-C-4800,172.2,170.2,175.6
2025-08-22,2025-08-22 09:40:59.700,IO2606-C-4800,172.2,170.2,175.6
2025-08-22,2025-08-22 09:41:00.200,IO2606-C-4800,172.2,170.4,175.6
2025-08-22,2025-08-22 09:41:00.700,IO2606-C-4800,172.2,170.4,175.6
2025-08-22,2025-08-22 09:41:01.200,IO2606-C-4800,172.2,170.4,175.6
2025-08-22,2025-08-22 09:41:03.200,IO2606-C-4800,172.2,170.4,175.6
2025-08-22,2025-08-22 09:41:17.700,IO2606-C-4800,172.2,170.4,175.6
2025-08-22,2025-08-22 09:41:28.700,IO2606-C-4800,172.2,170.4,175.6
2025-08-22,2025-08-22 09:41:29.700,IO2606-C-4800,172.2,170.4,175.6
2025-08-22,2025-08-22 09:41:38.700,IO2606-C-4800,172.2,170.4,175.6
2025-08-22,2025-08-22 09:41:59.700,IO2606-C-4800,172.2,170.4,175.6
2025-08-22,2025-08-22 09:42:04.200,IO2606-C-4800,172.2,170.4,175.6
2025-08-22,2025-08-22 09:42:12.700,IO2606-C-4800,172.2,170.4,175.6
2025-08-22,2025-08-22 09:42:16.700,IO2606-C-4800,172.2,170.4,175.6
2025-08-22,2025-08-22 09:42:18.700,IO2606-C-4800,172.2,170.4,175.8
2025-08-22,2025-08-22 09:42:19.200,IO2606-C-4800,172.2,170.4,175.8
2025-08-22,2025-08-22 09:42:19.700,IO2606-C-4800,172.2,170.4,175.8
2025-08-22,2025-08-22 09:42:40.700,IO2606-C-4800,172.2,170.4,175.0
2025-08-22,2025-08-22 09:42:41.200,IO2606-C-4800,172.2,170.4,175.0
2025-08-22,2025-08-22 09:42:41.700,IO2606-C-4800,172.2,170.4,175.0
2025-08-22,2025-08-22 09:42:42.200,IO2606-C-4800,172.2,170.4,175.0
2025-08-22,2025-08-22 09:42:43.200,IO2606-C-4800,172.2,170.2,174.8
2025-08-22,2025-08-22 09:42:43.700,IO2606-C-4800,172.2,170.2,174.8
2025-08-22,2025-08-22 09:42:46.200,IO2606-C-4800,172.2,170.0,174.8
2025-08-22,2025-08-22 09:42:46.700,IO2606-C-4800,172.2,170.0,174.8
2025-08-22,2025-08-22 09:42:47.200,IO2606-C-4800,172.2,170.0,174.8
2025-08-22,2025-08-22 09:42:47.700,IO2606-C-4800,172.2,170.0,174.8
2025-08-22,2025-08-22 09:42:48.200,IO2606-C-4800,172.2,170.0,174.8
2025-08-22,2025-08-22 09:42:50.700,IO2606-C-4800,172.2,170.0,174.8
2025-08-22,2025-08-22 09:43:01.200,IO2606-C-4800,172.2,170.0,174.8
2025-08-22,2025-08-22 09:43:01.700,IO2606-C-4800,172.2,170.0,174.8
2025-08-22,2025-08-22 09:43:02.200,IO2606-C-4800,172.2,169.8,174.8
2025-08-22,2025-08-22 09:43:02.700,IO2606-C-4800,172.2,169.8,174.8
2025-08-22,2025-08-22 09:43:06.200,IO2606-C-4800,172.2,169.8,174.8
2025-08-22,2025-08-22 09:43:06.700,IO2606-C-4800,172.2,169.8,174.8
2025-08-22,2025-08-22 09:43:27.700,IO2606-C-4800,172.2,170.0,174.8
2025-08-22,2025-08-22 09:43:29.200,IO2606-C-4800,172.2,170.0,174.8
2025-08-22,2025-08-22 09:43:30.200,IO2606-C-4800,172.2,170.0,174.8
2025-08-22,2025-08-22 09:43:31.700,IO2606-C-4800,172.2,170.0,174.8
2025-08-22,2025-08-22 09:43:46.200,IO2606-C-4800,172.2,170.0,174.8
2025-08-22,2025-08-22 09:43:52.700,IO2606-C-4800,172.2,170.0,174.0
2025-08-22,2025-08-22 09:43:53.200,IO2606-C-4800,172.2,170.0,174.0
2025-08-22,2025-08-22 09:43:54.700,IO2606-C-4800,172.2,170.0,174.0
2025-08-22,2025-08-22 09:43:56.200,IO2606-C-4800,172.2,170.0,173.8
2025-08-22,2025-08-22 09:43:57.700,IO2606-C-4800,172.2,170.0,173.8
2025-08-22,2025-08-22 09:43:58.200,IO2606-C-4800,172.2,169.8,173.8
2025-08-22,2025-08-22 09:43:59.200,IO2606-C-4800,172.2,169.8,173.8
2025-08-22,2025-08-22 09:44:00.200,IO2606-C-4800,172.2,169.8,173.6
2025-08-22,2025-08-22 09:44:00.700,IO2606-C-4800,172.2,169.8,173.6
2025-08-22,2025-08-22 09:44:02.200,IO2606-C-4800,172.2,169.8,173.6
2025-08-22,2025-08-22 09:44:02.700,IO2606-C-4800,172.2,169.8,173.6
2025-08-22,2025-08-22 09:44:19.700,IO2606-C-4800,172.2,169.8,173.4
2025-08-22,2025-08-22 09:44:20.200,IO2606-C-4800,172.2,169.8,173.4
2025-08-22,2025-08-22 09:44:25.700,IO2606-C-4800,172.2,170.0,173.6
2025-08-22,2025-08-22 09:44:26.200,IO2606-C-4800,172.2,169.8,173.4
2025-08-22,2025-08-22 09:44:26.700,IO2606-C-4800,172.2,169.8,173.4
2025-08-22,2025-08-22 09:44:27.200,IO2606-C-4800,172.2,169.8,173.6
2025-08-22,2025-08-22 09:44:27.700,IO2606-C-4800,172.2,169.8,173.6
2025-08-22,2025-08-22 09:44:28.200,IO2606-C-4800,172.2,169.8,173.6
2025-08-22,2025-08-22 09:44:28.700,IO2606-C-4800,172.2,169.8,173.4
2025-08-22,2025-08-22 09:44:29.200,IO2606-C-4800,172.2,169.8,173.4
2025-08-22,2025-08-22 09:44:29.700,IO2606-C-4800,172.2,169.4,173.4
2025-08-22,2025-08-22 09:44:30.200,IO2606-C-4800,172.2,169.4,173.4
2025-08-22,2025-08-22 09:44:30.700,IO2606-C-4800,172.2,169.4,173.4
2025-08-22,2025-08-22 09:44:31.200,IO2606-C-4800,172.2,169.4,173.4
2025-08-22,2025-08-22 09:44:32.200,IO2606-C-4800,172.2,169.6,173.6
2025-08-22,2025-08-22 09:44:32.700,IO2606-C-4800,172.2,169.6,173.6
2025-08-22,2025-08-22 09:44:33.200,IO2606-C-4800,172.2,169.6,173.6
2025-08-22,2025-08-22 09:44:33.700,IO2606-C-4800,172.2,169.6,173.6
2025-08-22,2025-08-22 09:44:34.200,IO2606-C-4800,172.2,169.6,173.4
2025-08-22,2025-08-22 09:44:34.700,IO2606-C-4800,172.2,169.6,173.4
2025-08-22,2025-08-22 09:44:35.700,IO2606-C-4800,172.2,169.4,173.4
2025-08-22,2025-08-22 09:44:36.200,IO2606-C-4800,172.2,169.4,173.4
2025-08-22,2025-08-22 09:44:36.700,IO2606-C-4800,172.2,169.4,173.4
2025-08-22,2025-08-22 09:44:37.200,IO2606-C-4800,172.2,169.4,173.4
2025-08-22,2025-08-22 09:44:39.700,IO2606-C-4800,172.2,169.4,173.4
2025-08-22,2025-08-22 09:44:40.200,IO2606-C-4800,172.2,169.4,173.4
2025-08-22,2025-08-22 09:44:41.200,IO2606-C-4800,172.2,169.4,173.4
2025-08-22,2025-08-22 09:44:41.700,IO2606-C-4800,172.2,169.4,173.4
2025-08-22,2025-08-22 09:44:44.200,IO2606-C-4800,172.2,169.6,173.4
2025-08-22,2025-08-22 09:44:47.700,IO2606-C-4800,172.2,169.6,173.4
2025-08-22,2025-08-22 09:44:48.200,IO2606-C-4800,172.2,169.6,173.4
2025-08-22,2025-08-22 09:44:48.700,IO2606-C-4800,172.2,169.6,173.4
2025-08-22,2025-08-22 09:44:53.700,IO2606-C-4800,172.2,169.6,173.4
2025-08-22,2025-08-22 09:44:54.700,IO2606-C-4800,172.2,169.6,173.4
2025-08-22,2025-08-22 09:44:57.200,IO2606-C-4800,172.2,169.6,173.4
2025-08-22,2025-08-22 09:44:57.700,IO2606-C-4800,172.2,169.6,173.4
2025-08-22,2025-08-22 09:45:00.700,IO2606-C-4800,172.2,169.6,173.4
2025-08-22,2025-08-22 09:45:01.200,IO2606-C-4800,172.2,169.6,173.4
2025-08-22,2025-08-22 09:45:09.700,IO2606-C-4800,172.2,169.6,173.4
2025-08-22,2025-08-22 09:45:16.200,IO2606-C-4800,172.2,169.6,173.4
2025-08-22,2025-08-22 09:45:18.200,IO2606-C-4800,172.2,169.6,173.8
2025-08-22,2025-08-22 09:45:18.700,IO2606-C-4800,172.2,169.6,173.8
2025-08-22,2025-08-22 09:45:19.200,IO2606-C-4800,172.2,169.6,173.8
2025-08-22,2025-08-22 09:45:19.700,IO2606-C-4800,172.2,169.6,173.8
2025-08-22,2025-08-22 09:45:20.700,IO2606-C-4800,172.2,169.6,173.8
2025-08-22,2025-08-22 09:45:21.200,IO2606-C-4800,172.2,169.6,173.8
2025-08-22,2025-08-22 09:45:21.700,IO2606-C-4800,172.2,169.6,173.8
2025-08-22,2025-08-22 09:45:22.200,IO2606-C-4800,172.2,169.6,174.0
2025-08-22,2025-08-22 09:45:22.700,IO2606-C-4800,172.2,169.6,174.0
2025-08-22,2025-08-22 09:45:48.200,IO2606-C-4800,172.2,169.6,174.0
2025-08-22,2025-08-22 09:45:54.200,IO2606-C-4800,172.2,169.6,174.0
2025-08-22,2025-08-22 09:46:02.700,IO2606-C-4800,172.2,169.6,174.0
2025-08-22,2025-08-22 09:46:05.200,IO2606-C-4800,172.2,169.6,174.0
2025-08-22,2025-08-22 09:46:06.200,IO2606-C-4800,172.2,169.6,174.2
2025-08-22,2025-08-22 09:46:06.700,IO2606-C-4800,172.2,169.6,174.4
2025-08-22,2025-08-22 09:46:07.200,IO2606-C-4800,172.2,169.6,174.4
2025-08-22,2025-08-22 09:46:07.700,IO2606-C-4800,172.2,169.6,174.4
2025-08-22,2025-08-22 09:46:10.700,IO2606-C-4800,172.2,169.6,174.6
2025-08-22,2025-08-22 09:46:11.200,IO2606-C-4800,172.2,169.6,174.8
2025-08-22,2025-08-22 09:46:11.700,IO2606-C-4800,172.2,169.6,174.8
2025-08-22,2025-08-22 09:46:12.200,IO2606-C-4800,172.2,169.6,174.8
2025-08-22,2025-08-22 09:46:12.700,IO2606-C-4800,172.2,169.6,174.8
2025-08-22,2025-08-22 09:46:15.200,IO2606-C-4800,172.2,169.6,174.8
2025-08-22,2025-08-22 09:46:15.700,IO2606-C-4800,172.2,169.6,174.8
2025-08-22,2025-08-22 09:46:20.200,IO2606-C-4800,172.2,169.8,174.6
2025-08-22,2025-08-22 09:46:20.700,IO2606-C-4800,172.2,169.8,174.6
2025-08-22,2025-08-22 09:46:21.200,IO2606-C-4800,172.2,169.8,174.6
2025-08-22,2025-08-22 09:46:23.200,IO2606-C-4800,172.2,169.8,174.6
2025-08-22,2025-08-22 09:46:27.700,IO2606-C-4800,172.2,169.8,174.8
2025-08-22,2025-08-22 09:46:28.200,IO2606-C-4800,172.2,169.8,174.8
2025-08-22,2025-08-22 09:46:28.700,IO2606-C-4800,172.2,169.8,174.8
2025-08-22,2025-08-22 09:46:29.700,IO2606-C-4800,172.2,169.8,174.8
2025-08-22,2025-08-22 09:46:30.700,IO2606-C-4800,172.2,169.8,174.8
2025-08-22,2025-08-22 09:46:34.700,IO2606-C-4800,172.2,169.8,174.6
2025-08-22,2025-08-22 09:46:36.700,IO2606-C-4800,172.2,169.8,174.6
2025-08-22,2025-08-22 09:46:41.700,IO2606-C-4800,172.2,169.8,174.8
2025-08-22,2025-08-22 09:46:42.700,IO2606-C-4800,172.2,169.8,174.8
2025-08-22,2025-08-22 09:46:54.700,IO2606-C-4800,172.2,169.8,174.6
2025-08-22,2025-08-22 09:46:57.700,IO2606-C-4800,172.2,169.8,174.6
2025-08-22,2025-08-22 09:47:00.200,IO2606-C-4800,172.2,169.8,174.6
2025-08-22,2025-08-22 09:47:03.200,IO2606-C-4800,172.2,169.8,174.6
2025-08-22,2025-08-22 09:47:03.700,IO2606-C-4800,172.2,169.8,174.6
2025-08-22,2025-08-22 09:47:05.200,IO2606-C-4800,172.2,169.8,174.6
2025-08-22,2025-08-22 09:47:12.700,IO2606-C-4800,172.2,169.6,174.6
2025-08-22,2025-08-22 09:47:13.200,IO2606-C-4800,172.2,169.6,174.6
2025-08-22,2025-08-22 09:47:13.700,IO2606-C-4800,172.2,169.6,174.6
2025-08-22,2025-08-22 09:47:17.200,IO2606-C-4800,172.2,169.6,174.6
2025-08-22,2025-08-22 09:47:19.200,IO2606-C-4800,172.2,169.6,174.6
2025-08-22,2025-08-22 09:47:24.200,IO2606-C-4800,172.2,169.6,174.6
2025-08-22,2025-08-22 09:47:25.700,IO2606-C-4800,172.2,169.8,174.6
2025-08-22,2025-08-22 09:47:26.200,IO2606-C-4800,172.2,169.8,174.6
2025-08-22,2025-08-22 09:47:29.200,IO2606-C-4800,172.2,169.8,174.6
2025-08-22,2025-08-22 09:47:33.200,IO2606-C-4800,172.2,169.8,174.6
2025-08-22,2025-08-22 09:47:33.700,IO2606-C-4800,172.2,169.8,174.6
2025-08-22,2025-08-22 09:47:35.700,IO2606-C-4800,172.2,169.8,174.6
2025-08-22,2025-08-22 09:47:41.200,IO2606-C-4800,172.2,169.8,174.6
2025-08-22,2025-08-22 09:47:48.200,IO2606-C-4800,172.2,169.8,174.6
2025-08-22,2025-08-22 09:47:59.200,IO2606-C-4800,172.2,169.8,174.6
2025-08-22,2025-08-22 09:48:29.200,IO2606-C-4800,172.2,169.8,174.6
2025-08-22,2025-08-22 09:49:29.200,IO2606-C-4800,172.2,169.8,174.6
2025-08-22,2025-08-22 09:49:59.200,IO2606-C-4800,172.2,169.8,174.6
2025-08-22,2025-08-22 09:50:13.200,IO2606-C-4800,172.2,169.8,174.6
2025-08-22,2025-08-22 09:50:13.700,IO2606-C-4800,172.2,169.8,174.6
2025-08-22,2025-08-22 09:50:14.200,IO2606-C-4800,172.2,169.8,174.6
2025-08-22,2025-08-22 09:50:29.200,IO2606-C-4800,172.2,169.8,174.6
2025-08-22,2025-08-22 09:50:37.200,IO2606-C-4800,172.2,169.8,174.6
2025-08-22,2025-08-22 09:50:46.200,IO2606-C-4800,172.2,169.8,174.6
2025-08-22,2025-08-22 09:50:53.700,IO2606-C-4800,172.2,169.8,174.6
2025-08-22,2025-08-22 09:50:55.200,IO2606-C-4800,172.2,169.6,174.6
2025-08-22,2025-08-22 09:50:55.700,IO2606-C-4800,172.2,169.6,174.6
2025-08-22,2025-08-22 09:50:58.200,IO2606-C-4800,172.2,169.6,174.6
2025-08-22,2025-08-22 09:50:58.700,IO2606-C-4800,172.2,169.6,174.6
2025-08-22,2025-08-22 09:50:59.200,IO2606-C-4800,172.2,169.6,174.6
2025-08-22,2025-08-22 09:51:02.200,IO2606-C-4800,172.2,169.6,174.6
2025-08-22,2025-08-22 09:51:04.200,IO2606-C-4800,172.2,169.6,174.6
2025-08-22,2025-08-22 09:51:09.200,IO2606-C-4800,172.2,172.2,174.6
2025-08-22,2025-08-22 09:51:09.700,IO2606-C-4800,172.2,172.2,174.6
2025-08-22,2025-08-22 09:51:10.200,IO2606-C-4800,172.2,172.2,174.6
2025-08-22,2025-08-22 09:51:10.700,IO2606-C-4800,172.2,172.2,174.6
2025-08-22,2025-08-22 09:51:12.700,IO2606-C-4800,172.2,172.2,174.6
2025-08-22,2025-08-22 09:51:15.200,IO2606-C-4800,172.2,172.2,174.6
2025-08-22,2025-08-22 09:51:15.700,IO2606-C-4800,172.2,172.2,174.6
2025-08-22,2025-08-22 09:51:16.200,IO2606-C-4800,172.2,172.2,174.6
2025-08-22,2025-08-22 09:51:22.700,IO2606-C-4800,172.2,172.2,174.4
2025-08-22,2025-08-22 09:51:23.200,IO2606-C-4800,172.2,172.2,174.6
2025-08-22,2025-08-22 09:51:23.700,IO2606-C-4800,172.2,172.2,174.6
2025-08-22,2025-08-22 09:51:24.200,IO2606-C-4800,172.2,172.2,174.6
2025-08-22,2025-08-22 09:51:26.700,IO2606-C-4800,172.2,172.2,174.4
2025-08-22,2025-08-22 09:51:27.200,IO2606-C-4800,172.2,172.2,174.6
2025-08-22,2025-08-22 09:51:27.700,IO2606-C-4800,172.2,172.2,174.6
2025-08-22,2025-08-22 09:51:28.200,IO2606-C-4800,172.2,172.2,174.6
2025-08-22,2025-08-22 09:51:29.200,IO2606-C-4800,172.2,172.2,174.8
2025-08-22,2025-08-22 09:51:29.700,IO2606-C-4800,172.2,172.2,174.8
2025-08-22,2025-08-22 09:51:31.200,IO2606-C-4800,172.2,172.2,174.8
2025-08-22,2025-08-22 09:51:31.700,IO2606-C-4800,172.2,172.2,174.8
2025-08-22,2025-08-22 09:51:35.700,IO2606-C-4800,172.2,172.2,174.6
2025-08-22,2025-08-22 09:51:36.200,IO2606-C-4800,172.2,172.2,174.8
2025-08-22,2025-08-22 09:51:40.200,IO2606-C-4800,172.2,172.2,174.8
2025-08-22,2025-08-22 09:51:43.700,IO2606-C-4800,172.2,172.2,174.8
2025-08-22,2025-08-22 09:51:44.200,IO2606-C-4800,172.2,172.2,174.8
2025-08-22,2025-08-22 09:51:49.200,IO2606-C-4800,172.2,172.2,174.8
2025-08-22,2025-08-22 09:51:49.700,IO2606-C-4800,172.2,172.2,174.8
2025-08-22,2025-08-22 09:51:50.200,IO2606-C-4800,172.2,172.2,174.6
2025-08-22,2025-08-22 09:51:50.700,IO2606-C-4800,172.2,172.2,174.6
2025-08-22,2025-08-22 09:51:58.700,IO2606-C-4800,172.2,173.0,174.6
2025-08-22,2025-08-22 09:51:59.200,IO2606-C-4800,172.2,173.0,174.6
2025-08-22,2025-08-22 09:52:04.200,IO2606-C-4800,172.2,173.0,174.6
2025-08-22,2025-08-22 09:52:04.700,IO2606-C-4800,172.2,173.0,174.6
2025-08-22,2025-08-22 09:52:06.700,IO2606-C-4800,172.2,173.0,174.6
2025-08-22,2025-08-22 09:52:07.200,IO2606-C-4800,172.2,173.0,174.6
2025-08-22,2025-08-22 09:52:07.700,IO2606-C-4800,172.2,173.0,174.6
2025-08-22,2025-08-22 09:52:08.200,IO2606-C-4800,172.2,173.0,174.6
2025-08-22,2025-08-22 09:52:08.700,IO2606-C-4800,172.2,173.0,174.6
2025-08-22,2025-08-22 09:52:09.700,IO2606-C-4800,172.2,173.0,174.6
2025-08-22,2025-08-22 09:52:10.200,IO2606-C-4800,172.2,173.0,174.6
2025-08-22,2025-08-22 09:52:10.700,IO2606-C-4800,172.2,173.0,174.8
2025-08-22,2025-08-22 09:52:11.200,IO2606-C-4800,172.2,173.0,174.6
2025-08-22,2025-08-22 09:52:12.200,IO2606-C-4800,172.2,173.0,174.6
2025-08-22,2025-08-22 09:52:19.700,IO2606-C-4800,172.2,173.0,174.8
2025-08-22,2025-08-22 09:52:20.200,IO2606-C-4800,172.2,173.0,174.8
2025-08-22,2025-08-22 09:52:20.700,IO2606-C-4800,172.2,173.0,174.8
2025-08-22,2025-08-22 09:52:27.700,IO2606-C-4800,172.2,173.0,174.8
2025-08-22,2025-08-22 09:52:28.700,IO2606-C-4800,172.2,173.0,174.8
2025-08-22,2025-08-22 09:52:29.700,IO2606-C-4800,172.2,173.0,174.8
2025-08-22,2025-08-22 09:52:32.200,IO2606-C-4800,172.2,173.0,174.8
2025-08-22,2025-08-22 09:52:33.700,IO2606-C-4800,172.2,173.0,174.8
2025-08-22,2025-08-22 09:52:34.200,IO2606-C-4800,172.2,173.0,174.8
2025-08-22,2025-08-22 09:52:35.200,IO2606-C-4800,172.2,173.0,174.8
2025-08-22,2025-08-22 09:52:36.700,IO2606-C-4800,172.2,173.0,174.8
2025-08-22,2025-08-22 09:52:37.200,IO2606-C-4800,172.2,173.0,174.8
2025-08-22,2025-08-22 09:52:38.700,IO2606-C-4800,172.2,173.0,174.8
2025-08-22,2025-08-22 09:52:40.700,IO2606-C-4800,172.2,173.0,174.8
2025-08-22,2025-08-22 09:52:41.700,IO2606-C-4800,172.2,173.0,174.8
2025-08-22,2025-08-22 09:52:42.200,IO2606-C-4800,172.2,173.0,175.0
2025-08-22,2025-08-22 09:52:42.700,IO2606-C-4800,172.2,173.0,175.0
2025-08-22,2025-08-22 09:52:43.200,IO2606-C-4800,172.2,173.0,175.0
2025-08-22,2025-08-22 09:52:43.700,IO2606-C-4800,172.2,173.0,175.0
2025-08-22,2025-08-22 09:52:44.200,IO2606-C-4800,172.2,173.0,175.0
2025-08-22,2025-08-22 09:52:44.700,IO2606-C-4800,172.2,173.0,174.8
2025-08-22,2025-08-22 09:52:47.200,IO2606-C-4800,172.2,173.0,174.8
2025-08-22,2025-08-22 09:53:00.200,IO2606-C-4800,172.2,173.0,174.8
2025-08-22,2025-08-22 09:53:02.700,IO2606-C-4800,172.2,173.0,174.8
2025-08-22,2025-08-22 09:53:03.200,IO2606-C-4800,172.2,173.0,174.8
2025-08-22,2025-08-22 09:53:03.700,IO2606-C-4800,172.2,173.0,174.8
2025-08-22,2025-08-22 09:53:04.200,IO2606-C-4800,172.2,173.0,174.8
2025-08-22,2025-08-22 09:53:04.700,IO2606-C-4800,172.2,173.0,174.8
2025-08-22,2025-08-22 09:53:05.200,IO2606-C-4800,172.2,173.0,174.8
2025-08-22,2025-08-22 09:53:05.700,IO2606-C-4800,172.2,173.0,174.8
2025-08-22,2025-08-22 09:53:06.200,IO2606-C-4800,172.2,173.0,174.8
2025-08-22,2025-08-22 09:53:09.700,IO2606-C-4800,172.2,173.0,174.8
2025-08-22,2025-08-22 09:53:10.200,IO2606-C-4800,172.2,173.0,174.8
2025-08-22,2025-08-22 09:53:10.700,IO2606-C-4800,172.2,173.0,174.8
2025-08-22,2025-08-22 09:53:11.200,IO2606-C-4800,172.2,173.0,174.6
2025-08-22,2025-08-22 09:53:11.700,IO2606-C-4800,172.2,173.0,174.6
2025-08-22,2025-08-22 09:53:13.200,IO2606-C-4800,172.2,173.0,174.6
2025-08-22,2025-08-22 09:53:13.700,IO2606-C-4800,172.2,173.0,174.8
2025-08-22,2025-08-22 09:53:14.200,IO2606-C-4800,172.2,173.0,174.8
2025-08-22,2025-08-22 09:53:15.200,IO2606-C-4800,172.2,173.0,174.8
2025-08-22,2025-08-22 09:53:21.700,IO2606-C-4800,172.2,173.0,174.8
2025-08-22,2025-08-22 09:53:24.200,IO2606-C-4800,172.2,173.0,174.6
2025-08-22,2025-08-22 09:53:26.700,IO2606-C-4800,172.2,173.0,174.6
2025-08-22,2025-08-22 09:53:35.700,IO2606-C-4800,172.2,173.0,174.6
2025-08-22,2025-08-22 09:53:38.200,IO2606-C-4800,172.2,173.0,174.6
2025-08-22,2025-08-22 09:53:47.700,IO2606-C-4800,172.2,173.0,174.6
2025-08-22,2025-08-22 09:53:48.700,IO2606-C-4800,172.2,173.0,174.8
2025-08-22,2025-08-22 09:53:49.700,IO2606-C-4800,172.2,173.0,175.0
2025-08-22,2025-08-22 09:53:50.200,IO2606-C-4800,172.2,173.0,174.8
2025-08-22,2025-08-22 09:53:50.700,IO2606-C-4800,172.2,173.0,174.8
2025-08-22,2025-08-22 09:53:58.200,IO2606-C-4800,172.2,173.0,175.0
2025-08-22,2025-08-22 09:53:58.700,IO2606-C-4800,172.2,173.0,175.0
2025-08-22,2025-08-22 09:53:59.200,IO2606-C-4800,172.2,173.0,175.0
2025-08-22,2025-08-22 09:53:59.700,IO2606-C-4800,172.2,173.0,174.8
2025-08-22,2025-08-22 09:54:01.700,IO2606-C-4800,172.2,173.0,174.8
2025-08-22,2025-08-22 09:54:02.200,IO2606-C-4800,172.2,173.0,174.8
2025-08-22,2025-08-22 09:54:02.700,IO2606-C-4800,172.2,173.0,174.8
2025-08-22,2025-08-22 09:54:03.700,IO2606-C-4800,172.2,173.0,174.8
2025-08-22,2025-08-22 09:54:11.200,IO2606-C-4800,172.2,173.0,174.8
2025-08-22,2025-08-22 09:54:11.700,IO2606-C-4800,172.2,173.0,174.8
2025-08-22,2025-08-22 09:54:12.200,IO2606-C-4800,172.2,173.0,174.8
2025-08-22,2025-08-22 09:54:16.700,IO2606-C-4800,172.2,173.0,174.6
2025-08-22,2025-08-22 09:54:17.200,IO2606-C-4800,172.2,173.0,174.6
2025-08-22,2025-08-22 09:54:17.700,IO2606-C-4800,172.2,173.0,174.6
2025-08-22,2025-08-22 09:54:18.200,IO2606-C-4800,172.2,173.0,174.6
2025-08-22,2025-08-22 09:54:18.700,IO2606-C-4800,172.2,173.0,174.6
2025-08-22,2025-08-22 09:54:19.200,IO2606-C-4800,172.2,173.0,174.6
2025-08-22,2025-08-22 09:54:19.700,IO2606-C-4800,172.2,173.0,174.6
2025-08-22,2025-08-22 09:54:20.700,IO2606-C-4800,172.2,173.0,174.6
2025-08-22,2025-08-22 09:54:23.200,IO2606-C-4800,172.2,173.0,174.6
2025-08-22,2025-08-22 09:54:23.700,IO2606-C-4800,172.2,173.0,174.6
2025-08-22,2025-08-22 09:54:25.700,IO2606-C-4800,172.2,173.0,174.6
2025-08-22,2025-08-22 09:54:26.200,IO2606-C-4800,172.2,173.0,174.6
2025-08-22,2025-08-22 09:54:27.200,IO2606-C-4800,172.2,173.0,174.6
2025-08-22,2025-08-22 09:54:27.700,IO2606-C-4800,172.2,173.0,174.6
2025-08-22,2025-08-22 09:54:29.200,IO2606-C-4800,172.2,173.0,174.6
2025-08-22,2025-08-22 09:54:30.200,IO2606-C-4800,172.2,173.0,174.6
2025-08-22,2025-08-22 09:54:30.700,IO2606-C-4800,172.2,173.0,174.6
2025-08-22,2025-08-22 09:54:35.200,IO2606-C-4800,172.2,173.0,174.6
2025-08-22,2025-08-22 09:54:35.700,IO2606-C-4800,172.2,173.0,174.6
2025-08-22,2025-08-22 09:54:36.200,IO2606-C-4800,172.2,173.0,174.6
2025-08-22,2025-08-22 09:54:42.200,IO2606-C-4800,172.2,173.0,175.0
2025-08-22,2025-08-22 09:54:42.700,IO2606-C-4800,172.2,173.0,175.0
2025-08-22,2025-08-22 09:54:43.200,IO2606-C-4800,172.2,173.0,175.0
2025-08-22,2025-08-22 09:54:43.700,IO2606-C-4800,172.2,173.0,175.0
2025-08-22,2025-08-22 09:54:48.200,IO2606-C-4800,172.2,173.0,175.0
2025-08-22,2025-08-22 09:54:48.700,IO2606-C-4800,172.2,173.0,175.0
2025-08-22,2025-08-22 09:54:49.200,IO2606-C-4800,172.2,173.0,175.0
2025-08-22,2025-08-22 09:54:49.700,IO2606-C-4800,172.2,173.0,175.0
2025-08-22,2025-08-22 09:54:50.700,IO2606-C-4800,172.2,173.0,175.0
2025-08-22,2025-08-22 09:54:56.700,IO2606-C-4800,172.2,173.0,175.0
2025-08-22,2025-08-22 09:54:57.200,IO2606-C-4800,172.2,173.0,175.0
2025-08-22,2025-08-22 09:54:57.700,IO2606-C-4800,172.2,173.0,175.0
2025-08-22,2025-08-22 09:54:58.200,IO2606-C-4800,172.2,173.0,175.0
2025-08-22,2025-08-22 09:55:02.200,IO2606-C-4800,172.2,173.0,175.0
2025-08-22,2025-08-22 09:55:03.200,IO2606-C-4800,172.2,173.0,175.0
2025-08-22,2025-08-22 09:55:04.200,IO2606-C-4800,172.2,173.0,175.0
2025-08-22,2025-08-22 09:55:05.700,IO2606-C-4800,172.2,173.0,175.0
2025-08-22,2025-08-22 09:55:06.200,IO2606-C-4800,172.2,173.0,175.0
2025-08-22,2025-08-22 09:55:06.700,IO2606-C-4800,172.2,173.0,175.0
2025-08-22,2025-08-22 09:55:07.700,IO2606-C-4800,172.2,173.0,175.0
2025-08-22,2025-08-22 09:55:09.200,IO2606-C-4800,172.2,173.0,175.0
2025-08-22,2025-08-22 09:55:10.200,IO2606-C-4800,172.2,173.0,175.0
2025-08-22,2025-08-22 09:55:10.700,IO2606-C-4800,172.2,173.0,175.0
2025-08-22,2025-08-22 09:55:13.700,IO2606-C-4800,172.2,173.0,175.0
2025-08-22,2025-08-22 09:55:20.200,IO2606-C-4800,172.2,173.0,175.0
2025-08-22,2025-08-22 09:55:20.700,IO2606-C-4800,172.2,173.0,175.0
2025-08-22,2025-08-22 09:55:27.200,IO2606-C-4800,172.2,173.0,175.0
2025-08-22,2025-08-22 09:55:27.700,IO2606-C-4800,172.2,173.0,175.0
2025-08-22,2025-08-22 09:55:40.200,IO2606-C-4800,172.2,173.0,175.0
2025-08-22,2025-08-22 09:55:42.200,IO2606-C-4800,172.2,173.0,175.0
2025-08-22,2025-08-22 09:55:52.700,IO2606-C-4800,172.2,173.0,175.0
2025-08-22,2025-08-22 09:55:53.700,IO2606-C-4800,172.2,173.0,175.0
2025-08-22,2025-08-22 09:55:54.200,IO2606-C-4800,172.2,173.0,175.0
2025-08-22,2025-08-22 09:55:55.200,IO2606-C-4800,172.2,173.0,175.0
2025-08-22,2025-08-22 09:56:02.200,IO2606-C-4800,172.2,173.0,175.0
2025-08-22,2025-08-22 09:56:26.700,IO2606-C-4800,172.2,173.0,175.0
2025-08-22,2025-08-22 09:56:37.200,IO2606-C-4800,172.2,173.0,175.0
2025-08-22,2025-08-22 09:56:37.700,IO2606-C-4800,172.2,173.0,175.0
2025-08-22,2025-08-22 09:56:38.200,IO2606-C-4800,172.2,173.0,175.0
2025-08-22,2025-08-22 09:56:38.700,IO2606-C-4800,172.2,173.0,175.0
2025-08-22,2025-08-22 09:56:47.200,IO2606-C-4800,172.2,173.0,175.0
2025-08-22,2025-08-22 09:57:12.700,IO2606-C-4800,172.2,173.0,175.0
2025-08-22,2025-08-22 09:57:13.200,IO2606-C-4800,172.2,173.0,175.0
2025-08-22,2025-08-22 09:58:02.700,IO2606-C-4800,172.2,173.0,175.2
2025-08-22,2025-08-22 09:58:03.200,IO2606-C-4800,172.2,173.0,175.2
2025-08-22,2025-08-22 09:58:06.700,IO2606-C-4800,172.2,173.0,175.2
2025-08-22,2025-08-22 09:58:07.200,IO2606-C-4800,172.2,173.0,175.2
2025-08-22,2025-08-22 09:58:08.700,IO2606-C-4800,172.2,173.0,175.2
2025-08-22,2025-08-22 09:58:16.200,IO2606-C-4800,172.2,173.0,175.2
2025-08-22,2025-08-22 09:58:17.700,IO2606-C-4800,172.2,173.0,175.2
2025-08-22,2025-08-22 09:58:25.700,IO2606-C-4800,172.2,173.0,175.2
2025-08-22,2025-08-22 09:58:32.700,IO2606-C-4800,172.2,173.0,175.2
2025-08-22,2025-08-22 09:58:51.200,IO2606-C-4800,172.2,173.0,175.2
2025-08-22,2025-08-22 09:58:51.700,IO2606-C-4800,172.2,173.0,175.2
2025-08-22,2025-08-22 09:58:58.700,IO2606-C-4800,172.2,173.0,175.2
2025-08-22,2025-08-22 09:58:59.700,IO2606-C-4800,172.2,173.0,175.2
2025-08-22,2025-08-22 09:59:07.700,IO2606-C-4800,172.2,173.0,175.2
2025-08-22,2025-08-22 09:59:09.200,IO2606-C-4800,172.2,173.0,175.2
2025-08-22,2025-08-22 09:59:09.700,IO2606-C-4800,172.2,173.0,175.2
2025-08-22,2025-08-22 09:59:10.700,IO2606-C-4800,172.2,173.0,175.2
2025-08-22,2025-08-22 09:59:14.200,IO2606-C-4800,172.2,173.0,175.2
2025-08-22,2025-08-22 09:59:17.700,IO2606-C-4800,172.2,173.0,175.2
2025-08-22,2025-08-22 09:59:18.200,IO2606-C-4800,172.2,173.0,175.2
2025-08-22,2025-08-22 09:59:26.700,IO2606-C-4800,172.2,173.0,175.2
2025-08-22,2025-08-22 09:59:34.700,IO2606-C-4800,172.2,173.0,175.2
2025-08-22,2025-08-22 09:59:35.200,IO2606-C-4800,172.2,173.0,175.2
2025-08-22,2025-08-22 09:59:36.200,IO2606-C-4800,172.2,173.0,175.2
2025-08-22,2025-08-22 09:59:37.200,IO2606-C-4800,172.2,173.0,175.2
2025-08-22,2025-08-22 09:59:39.200,IO2606-C-4800,172.2,173.0,175.2
2025-08-22,2025-08-22 09:59:40.200,IO2606-C-4800,172.2,173.0,175.2
2025-08-22,2025-08-22 09:59:52.200,IO2606-C-4800,172.2,173.0,175.4
2025-08-22,2025-08-22 09:59:52.700,IO2606-C-4800,172.2,173.0,175.4
2025-08-22,2025-08-22 09:59:53.200,IO2606-C-4800,172.2,173.0,175.4
2025-08-22,2025-08-22 09:59:58.700,IO2606-C-4800,172.2,173.0,175.6
2025-08-22,2025-08-22 09:59:59.200,IO2606-C-4800,172.2,173.0,175.6
2025-08-22,2025-08-22 09:59:59.700,IO2606-C-4800,172.2,173.0,175.6
2025-08-22,2025-08-22 10:00:00.700,IO2606-C-4800,172.2,173.0,175.8
2025-08-22,2025-08-22 10:00:01.200,IO2606-C-4800,172.2,173.0,175.8
2025-08-22,2025-08-22 10:00:01.700,IO2606-C-4800,172.2,173.0,175.8
2025-08-22,2025-08-22 10:00:02.200,IO2606-C-4800,172.2,173.0,176.0
2025-08-22,2025-08-22 10:00:02.700,IO2606-C-4800,172.2,173.0,175.8
2025-08-22,2025-08-22 10:00:03.200,IO2606-C-4800,172.2,173.0,175.8
2025-08-22,2025-08-22 10:00:03.700,IO2606-C-4800,172.2,173.0,175.8
2025-08-22,2025-08-22 10:00:04.200,IO2606-C-4800,172.2,173.0,175.8
2025-08-22,2025-08-22 10:00:06.200,IO2606-C-4800,172.2,173.0,175.8
2025-08-22,2025-08-22 10:00:07.700,IO2606-C-4800,172.2,173.0,175.8
2025-08-22,2025-08-22 10:00:08.200,IO2606-C-4800,172.2,173.0,175.8
2025-08-22,2025-08-22 10:00:11.200,IO2606-C-4800,172.2,173.0,175.8
2025-08-22,2025-08-22 10:00:11.700,IO2606-C-4800,172.2,173.0,176.0
2025-08-22,2025-08-22 10:00:12.200,IO2606-C-4800,172.2,173.0,176.0
2025-08-22,2025-08-22 10:00:12.700,IO2606-C-4800,172.2,173.0,176.0
2025-08-22,2025-08-22 10:00:13.700,IO2606-C-4800,172.2,173.0,176.0
2025-08-22,2025-08-22 10:00:14.700,IO2606-C-4800,172.2,173.0,175.8
2025-08-22,2025-08-22 10:00:15.200,IO2606-C-4800,172.2,173.0,175.8
2025-08-22,2025-08-22 10:00:15.700,IO2606-C-4800,172.2,173.0,175.8
2025-08-22,2025-08-22 10:00:16.200,IO2606-C-4800,172.2,173.0,175.8
2025-08-22,2025-08-22 10:00:17.700,IO2606-C-4800,172.2,173.0,175.8
2025-08-22,2025-08-22 10:00:18.200,IO2606-C-4800,172.2,173.0,175.8
2025-08-22,2025-08-22 10:00:20.700,IO2606-C-4800,172.2,173.0,175.8
2025-08-22,2025-08-22 10:00:22.700,IO2606-C-4800,172.2,173.0,175.8
2025-08-22,2025-08-22 10:00:23.700,IO2606-C-4800,172.2,173.0,175.8
2025-08-22,2025-08-22 10:00:24.200,IO2606-C-4800,172.2,173.0,175.8
2025-08-22,2025-08-22 10:00:24.700,IO2606-C-4800,172.2,173.0,175.8
2025-08-22,2025-08-22 10:00:30.200,IO2606-C-4800,172.2,173.0,175.8
2025-08-22,2025-08-22 10:00:39.200,IO2606-C-4800,172.2,173.0,175.8
2025-08-22,2025-08-22 10:00:55.700,IO2606-C-4800,172.2,173.0,175.8
2025-08-22,2025-08-22 10:00:56.700,IO2606-C-4800,172.2,173.0,175.8
2025-08-22,2025-08-22 10:01:02.700,IO2606-C-4800,172.2,173.0,175.8
2025-08-22,2025-08-22 10:01:03.200,IO2606-C-4800,172.2,173.0,175.8
2025-08-22,2025-08-22 10:01:04.700,IO2606-C-4800,172.2,173.0,175.8
2025-08-22,2025-08-22 10:01:08.700,IO2606-C-4800,172.2,173.0,175.8
2025-08-22,2025-08-22 10:01:11.700,IO2606-C-4800,172.2,173.0,175.6
2025-08-22,2025-08-22 10:01:18.200,IO2606-C-4800,172.2,173.0,175.4
2025-08-22,2025-08-22 10:01:18.700,IO2606-C-4800,172.2,173.0,175.6
2025-08-22,2025-08-22 10:01:19.200,IO2606-C-4800,172.2,173.0,175.4
2025-08-22,2025-08-22 10:01:19.700,IO2606-C-4800,172.2,173.0,175.4
2025-08-22,2025-08-22 10:01:20.700,IO2606-C-4800,172.2,173.0,175.4
2025-08-22,2025-08-22 10:01:26.200,IO2606-C-4800,172.2,173.0,175.2
2025-08-22,2025-08-22 10:01:26.700,IO2606-C-4800,172.2,173.0,175.2
2025-08-22,2025-08-22 10:01:27.200,IO2606-C-4800,172.2,173.0,175.2
2025-08-22,2025-08-22 10:01:27.700,IO2606-C-4800,172.2,173.0,175.2
2025-08-22,2025-08-22 10:01:30.200,IO2606-C-4800,172.2,173.0,175.2
2025-08-22,2025-08-22 10:01:31.200,IO2606-C-4800,172.2,173.0,175.2
2025-08-22,2025-08-22 10:01:33.200,IO2606-C-4800,172.2,173.0,175.2
2025-08-22,2025-08-22 10:01:33.700,IO2606-C-4800,172.2,173.0,175.2
2025-08-22,2025-08-22 10:01:34.200,IO2606-C-4800,172.2,173.0,175.2
2025-08-22,2025-08-22 10:01:34.700,IO2606-C-4800,172.2,173.0,175.2
2025-08-22,2025-08-22 10:01:35.200,IO2606-C-4800,172.2,173.0,175.0
2025-08-22,2025-08-22 10:01:35.700,IO2606-C-4800,172.2,173.0,175.0
2025-08-22,2025-08-22 10:01:37.200,IO2606-C-4800,172.2,173.0,175.0
2025-08-22,2025-08-22 10:01:39.700,IO2606-C-4800,172.2,173.0,175.0
2025-08-22,2025-08-22 10:01:41.200,IO2606-C-4800,172.2,173.0,175.0
2025-08-22,2025-08-22 10:01:43.200,IO2606-C-4800,172.2,173.0,175.0
2025-08-22,2025-08-22 10:01:44.200,IO2606-C-4800,172.2,173.0,175.0
2025-08-22,2025-08-22 10:01:44.700,IO2606-C-4800,172.2,173.0,175.0
2025-08-22,2025-08-22 10:01:47.200,IO2606-C-4800,172.2,173.0,175.0
2025-08-22,2025-08-22 10:01:48.200,IO2606-C-4800,172.2,173.0,175.0
2025-08-22,2025-08-22 10:01:48.700,IO2606-C-4800,172.2,173.0,175.0
2025-08-22,2025-08-22 10:01:49.200,IO2606-C-4800,172.2,173.0,175.2
2025-08-22,2025-08-22 10:01:49.700,IO2606-C-4800,172.2,173.0,175.2
2025-08-22,2025-08-22 10:01:50.200,IO2606-C-4800,172.2,173.0,175.2
2025-08-22,2025-08-22 10:01:51.700,IO2606-C-4800,172.2,173.0,175.2
2025-08-22,2025-08-22 10:01:53.700,IO2606-C-4800,172.2,173.0,175.2
2025-08-22,2025-08-22 10:01:55.700,IO2606-C-4800,172.2,173.0,175.2
2025-08-22,2025-08-22 10:01:56.700,IO2606-C-4800,172.2,173.0,175.2
2025-08-22,2025-08-22 10:01:58.700,IO2606-C-4800,172.2,173.0,175.2
2025-08-22,2025-08-22 10:01:59.200,IO2606-C-4800,172.2,173.0,175.2
2025-08-22,2025-08-22 10:02:00.200,IO2606-C-4800,172.2,173.0,175.2
2025-08-22,2025-08-22 10:02:01.700,IO2606-C-4800,172.2,173.0,175.2
2025-08-22,2025-08-22 10:02:06.700,IO2606-C-4800,172.2,173.0,175.2
2025-08-22,2025-08-22 10:02:09.200,IO2606-C-4800,172.2,173.0,175.2
2025-08-22,2025-08-22 10:02:09.700,IO2606-C-4800,172.2,173.0,175.2
2025-08-22,2025-08-22 10:02:11.700,IO2606-C-4800,172.2,173.0,175.2
2025-08-22,2025-08-22 10:02:20.700,IO2606-C-4800,172.2,173.0,175.2
2025-08-22,2025-08-22 10:02:24.200,IO2606-C-4800,172.2,173.0,175.2
2025-08-22,2025-08-22 10:02:32.200,IO2606-C-4800,172.2,173.0,175.2
2025-08-22,2025-08-22 10:02:32.700,IO2606-C-4800,172.2,173.0,175.2
2025-08-22,2025-08-22 10:02:44.200,IO2606-C-4800,172.2,173.0,175.2
2025-08-22,2025-08-22 10:02:45.700,IO2606-C-4800,172.2,173.0,175.2
2025-08-22,2025-08-22 10:02:46.700,IO2606-C-4800,172.2,173.0,175.2
2025-08-22,2025-08-22 10:02:47.200,IO2606-C-4800,172.2,173.0,175.2
2025-08-22,2025-08-22 10:02:48.700,IO2606-C-4800,172.2,173.0,175.4
2025-08-22,2025-08-22 10:02:49.200,IO2606-C-4800,172.2,173.0,175.6
2025-08-22,2025-08-22 10:02:49.700,IO2606-C-4800,172.2,173.0,175.6
2025-08-22,2025-08-22 10:02:51.200,IO2606-C-4800,172.2,173.0,175.6
2025-08-22,2025-08-22 10:02:51.700,IO2606-C-4800,172.2,173.0,175.6
2025-08-22,2025-08-22 10:02:52.200,IO2606-C-4800,172.2,173.0,175.6
2025-08-22,2025-08-22 10:02:52.700,IO2606-C-4800,172.2,173.0,175.6
2025-08-22,2025-08-22 10:02:53.200,IO2606-C-4800,172.2,173.0,175.8
2025-08-22,2025-08-22 10:02:53.700,IO2606-C-4800,172.2,173.0,176.0
2025-08-22,2025-08-22 10:02:54.200,IO2606-C-4800,172.2,173.0,176.0
2025-08-22,2025-08-22 10:02:54.700,IO2606-C-4800,172.2,173.0,176.0
2025-08-22,2025-08-22 10:02:57.700,IO2606-C-4800,172.2,173.0,176.0
2025-08-22,2025-08-22 10:02:58.200,IO2606-C-4800,172.2,173.0,176.0
2025-08-22,2025-08-22 10:03:00.200,IO2606-C-4800,172.2,173.0,176.2
2025-08-22,2025-08-22 10:03:00.700,IO2606-C-4800,172.2,173.0,176.2
2025-08-22,2025-08-22 10:03:01.200,IO2606-C-4800,172.2,173.0,176.2
2025-08-22,2025-08-22 10:03:04.200,IO2606-C-4800,172.2,173.0,176.4
2025-08-22,2025-08-22 10:03:04.700,IO2606-C-4800,172.2,173.0,176.4
2025-08-22,2025-08-22 10:03:05.200,IO2606-C-4800,172.2,173.0,176.4
2025-08-22,2025-08-22 10:03:06.200,IO2606-C-4800,172.2,173.0,176.6
2025-08-22,2025-08-22 10:03:06.700,IO2606-C-4800,172.2,173.0,176.6
2025-08-22,2025-08-22 10:03:07.200,IO2606-C-4800,172.2,173.0,176.6
2025-08-22,2025-08-22 10:03:10.200,IO2606-C-4800,172.2,173.0,176.8
2025-08-22,2025-08-22 10:03:10.700,IO2606-C-4800,172.2,173.0,176.8
2025-08-22,2025-08-22 10:03:25.700,IO2606-C-4800,172.2,173.2,176.8
2025-08-22,2025-08-22 10:03:26.200,IO2606-C-4800,172.2,173.2,176.8
2025-08-22,2025-08-22 10:03:29.200,IO2606-C-4800,172.2,173.2,176.8
2025-08-22,2025-08-22 10:03:33.700,IO2606-C-4800,172.2,173.4,176.8
2025-08-22,2025-08-22 10:03:34.200,IO2606-C-4800,172.2,173.4,176.8
2025-08-22,2025-08-22 10:03:34.700,IO2606-C-4800,172.2,173.6,176.8
2025-08-22,2025-08-22 10:03:35.200,IO2606-C-4800,172.2,173.6,176.8
2025-08-22,2025-08-22 10:03:35.700,IO2606-C-4800,172.2,173.6,176.8
2025-08-22,2025-08-22 10:03:36.200,IO2606-C-4800,172.2,173.6,176.8
2025-08-22,2025-08-22 10:03:36.700,IO2606-C-4800,172.2,173.6,177.4
2025-08-22,2025-08-22 10:03:37.200,IO2606-C-4800,172.2,173.6,177.4
2025-08-22,2025-08-22 10:03:37.700,IO2606-C-4800,172.2,173.6,177.4
2025-08-22,2025-08-22 10:03:38.200,IO2606-C-4800,172.2,173.6,177.4
2025-08-22,2025-08-22 10:03:38.700,IO2606-C-4800,172.2,173.6,177.4
2025-08-22,2025-08-22 10:03:57.700,IO2606-C-4800,172.2,173.4,177.4
2025-08-22,2025-08-22 10:03:58.200,IO2606-C-4800,172.2,173.4,177.4
2025-08-22,2025-08-22 10:03:58.700,IO2606-C-4800,172.2,173.4,177.4
2025-08-22,2025-08-22 10:03:59.700,IO2606-C-4800,172.2,173.4,177.2
2025-08-22,2025-08-22 10:04:00.200,IO2606-C-4800,172.2,173.2,177.2
2025-08-22,2025-08-22 10:04:00.700,IO2606-C-4800,172.2,173.2,177.2
2025-08-22,2025-08-22 10:04:01.200,IO2606-C-4800,172.2,173.0,177.2
2025-08-22,2025-08-22 10:04:01.700,IO2606-C-4800,172.2,173.0,177.2
2025-08-22,2025-08-22 10:04:05.200,IO2606-C-4800,172.2,173.0,177.2
2025-08-22,2025-08-22 10:04:05.700,IO2606-C-4800,172.2,173.0,177.2
2025-08-22,2025-08-22 10:04:08.200,IO2606-C-4800,172.2,173.0,177.2
2025-08-22,2025-08-22 10:04:08.700,IO2606-C-4800,172.2,173.0,177.2
2025-08-22,2025-08-22 10:04:09.200,IO2606-C-4800,172.2,173.0,177.2
2025-08-22,2025-08-22 10:04:09.700,IO2606-C-4800,172.2,173.0,177.2
2025-08-22,2025-08-22 10:04:10.200,IO2606-C-4800,172.2,173.0,177.2
2025-08-22,2025-08-22 10:04:12.200,IO2606-C-4800,172.2,173.2,177.2
2025-08-22,2025-08-22 10:04:12.700,IO2606-C-4800,172.2,173.2,177.2
2025-08-22,2025-08-22 10:04:13.200,IO2606-C-4800,172.2,173.2,177.2
2025-08-22,2025-08-22 10:04:13.700,IO2606-C-4800,172.2,173.2,177.2
2025-08-22,2025-08-22 10:04:28.200,IO2606-C-4800,172.2,173.0,177.2
2025-08-22,2025-08-22 10:04:28.700,IO2606-C-4800,172.2,173.0,177.2
2025-08-22,2025-08-22 10:04:30.700,IO2606-C-4800,172.2,173.0,177.2
2025-08-22,2025-08-22 10:04:46.200,IO2606-C-4800,172.2,173.0,177.2
2025-08-22,2025-08-22 10:04:53.200,IO2606-C-4800,172.2,173.0,177.2
2025-08-22,2025-08-22 10:04:55.700,IO2606-C-4800,172.2,173.0,177.2
2025-08-22,2025-08-22 10:05:08.200,IO2606-C-4800,172.2,173.0,177.2
2025-08-22,2025-08-22 10:05:10.200,IO2606-C-4800,172.2,173.0,177.0
2025-08-22,2025-08-22 10:05:10.700,IO2606-C-4800,172.2,173.0,177.0
2025-08-22,2025-08-22 10:05:19.700,IO2606-C-4800,172.2,173.0,176.8
2025-08-22,2025-08-22 10:05:20.200,IO2606-C-4800,172.2,173.0,176.8
2025-08-22,2025-08-22 10:05:20.700,IO2606-C-4800,172.2,173.0,176.8
2025-08-22,2025-08-22 10:05:37.700,IO2606-C-4800,172.2,173.0,176.6
2025-08-22,2025-08-22 10:05:47.700,IO2606-C-4800,172.2,173.0,176.6
2025-08-22,2025-08-22 10:05:52.200,IO2606-C-4800,172.2,173.0,176.6
2025-08-22,2025-08-22 10:05:55.700,IO2606-C-4800,172.2,173.0,176.8
2025-08-22,2025-08-22 10:05:56.200,IO2606-C-4800,172.2,173.0,176.8
2025-08-22,2025-08-22 10:06:00.700,IO2606-C-4800,172.2,173.0,176.8
2025-08-22,2025-08-22 10:06:01.200,IO2606-C-4800,172.2,173.0,176.8
2025-08-22,2025-08-22 10:06:02.200,IO2606-C-4800,172.2,173.0,176.8
2025-08-22,2025-08-22 10:06:02.700,IO2606-C-4800,172.2,173.0,176.8
2025-08-22,2025-08-22 10:06:08.200,IO2606-C-4800,172.2,173.0,176.6
2025-08-22,2025-08-22 10:06:08.700,IO2606-C-4800,172.2,173.0,176.6
2025-08-22,2025-08-22 10:06:18.700,IO2606-C-4800,172.2,173.0,176.6
2025-08-22,2025-08-22 10:06:26.700,IO2606-C-4800,172.2,173.0,176.6
2025-08-22,2025-08-22 10:07:18.200,IO2606-C-4800,172.2,173.0,176.6
2025-08-22,2025-08-22 10:07:19.700,IO2606-C-4800,172.2,173.0,176.6
2025-08-22,2025-08-22 10:07:20.200,IO2606-C-4800,172.2,173.0,176.6
2025-08-22,2025-08-22 10:07:21.700,IO2606-C-4800,172.2,173.0,176.6
2025-08-22,2025-08-22 10:07:22.200,IO2606-C-4800,172.2,173.0,176.6
2025-08-22,2025-08-22 10:07:52.700,IO2606-C-4800,172.2,173.0,176.4
2025-08-22,2025-08-22 10:07:53.200,IO2606-C-4800,172.2,173.0,176.4
2025-08-22,2025-08-22 10:07:53.700,IO2606-C-4800,172.2,173.0,176.4
2025-08-22,2025-08-22 10:07:54.200,IO2606-C-4800,172.2,173.0,176.4
2025-08-22,2025-08-22 10:07:54.700,IO2606-C-4800,172.2,173.0,176.4
2025-08-22,2025-08-22 10:08:07.200,IO2606-C-4800,172.2,173.0,176.4
2025-08-22,2025-08-22 10:08:14.700,IO2606-C-4800,173.0,173.0,176.4
2025-08-22,2025-08-22 10:08:15.200,IO2606-C-4800,173.0,173.0,176.4
2025-08-22,2025-08-22 10:08:17.700,IO2606-C-4800,173.0,173.0,176.2
2025-08-22,2025-08-22 10:08:18.200,IO2606-C-4800,173.0,173.0,176.2
2025-08-22,2025-08-22 10:08:18.700,IO2606-C-4800,173.0,173.0,176.2
2025-08-22,2025-08-22 10:08:24.200,IO2606-C-4800,173.0,173.4,176.2
2025-08-22,2025-08-22 10:08:24.700,IO2606-C-4800,173.0,173.4,176.2
2025-08-22,2025-08-22 10:08:25.700,IO2606-C-4800,173.0,173.4,176.2
2025-08-22,2025-08-22 10:08:26.200,IO2606-C-4800,173.0,173.4,176.2
2025-08-22,2025-08-22 10:08:26.700,IO2606-C-4800,173.0,173.4,176.2
2025-08-22,2025-08-22 10:08:27.700,IO2606-C-4800,173.0,173.4,176.2
2025-08-22,2025-08-22 10:08:28.200,IO2606-C-4800,173.0,173.4,176.2
2025-08-22,2025-08-22 10:08:32.200,IO2606-C-4800,173.0,173.4,176.2
2025-08-22,2025-08-22 10:08:55.200,IO2606-C-4800,173.0,173.4,176.0
2025-08-22,2025-08-22 10:08:55.700,IO2606-C-4800,173.0,173.4,176.0
2025-08-22,2025-08-22 10:09:04.700,IO2606-C-4800,173.0,173.4,176.0
2025-08-22,2025-08-22 10:09:06.200,IO2606-C-4800,173.0,173.4,176.0
2025-08-22,2025-08-22 10:09:18.700,IO2606-C-4800,173.0,173.4,176.0
2025-08-22,2025-08-22 10:09:19.700,IO2606-C-4800,173.0,173.4,175.8
2025-08-22,2025-08-22 10:09:20.200,IO2606-C-4800,173.0,173.4,175.8
2025-08-22,2025-08-22 10:09:20.700,IO2606-C-4800,173.0,173.4,175.8
2025-08-22,2025-08-22 10:09:21.700,IO2606-C-4800,173.0,173.4,175.8
2025-08-22,2025-08-22 10:09:22.700,IO2606-C-4800,173.0,173.4,175.8
2025-08-22,2025-08-22 10:09:23.200,IO2606-C-4800,173.0,173.4,175.8
2025-08-22,2025-08-22 10:09:30.200,IO2606-C-4800,173.0,173.4,175.8
2025-08-22,2025-08-22 10:09:46.700,IO2606-C-4800,173.0,173.0,175.8
2025-08-22,2025-08-22 10:09:47.200,IO2606-C-4800,173.0,173.0,175.8
2025-08-22,2025-08-22 10:09:47.700,IO2606-C-4800,173.0,173.0,175.8
2025-08-22,2025-08-22 10:09:48.200,IO2606-C-4800,173.0,173.0,175.8
2025-08-22,2025-08-22 10:09:52.200,IO2606-C-4800,173.0,173.0,175.8
2025-08-22,2025-08-22 10:09:59.200,IO2606-C-4800,173.0,173.0,175.8
2025-08-22,2025-08-22 10:10:01.200,IO2606-C-4800,173.0,173.0,175.8
2025-08-22,2025-08-22 10:10:04.200,IO2606-C-4800,173.0,173.0,175.8
2025-08-22,2025-08-22 10:10:05.200,IO2606-C-4800,173.0,173.0,175.8
2025-08-22,2025-08-22 10:10:07.700,IO2606-C-4800,173.0,173.0,175.8
2025-08-22,2025-08-22 10:10:08.200,IO2606-C-4800,173.0,173.0,175.8
2025-08-22,2025-08-22 10:10:10.200,IO2606-C-4800,173.0,173.0,175.8
2025-08-22,2025-08-22 10:10:11.700,IO2606-C-4800,173.0,173.0,175.8
2025-08-22,2025-08-22 10:10:14.200,IO2606-C-4800,173.0,173.0,175.8
2025-08-22,2025-08-22 10:10:16.200,IO2606-C-4800,173.0,173.0,175.8
2025-08-22,2025-08-22 10:10:16.700,IO2606-C-4800,173.0,173.0,175.8
2025-08-22,2025-08-22 10:10:17.200,IO2606-C-4800,173.0,173.0,175.8
2025-08-22,2025-08-22 10:10:17.700,IO2606-C-4800,173.0,173.0,175.8
2025-08-22,2025-08-22 10:10:18.700,IO2606-C-4800,173.0,173.0,175.8
2025-08-22,2025-08-22 10:10:19.200,IO2606-C-4800,173.0,173.0,175.6
2025-08-22,2025-08-22 10:10:19.700,IO2606-C-4800,173.0,173.0,175.6
2025-08-22,2025-08-22 10:10:20.200,IO2606-C-4800,173.0,172.6,173.0
2025-08-22,2025-08-22 10:10:20.700,IO2606-C-4800,173.0,172.6,173.0
2025-08-22,2025-08-22 10:10:21.200,IO2606-C-4800,173.0,172.6,173.0
2025-08-22,2025-08-22 10:10:21.700,IO2606-C-4800,173.0,172.6,173.0
2025-08-22,2025-08-22 10:10:22.200,IO2606-C-4800,173.0,172.6,173.0
2025-08-22,2025-08-22 10:10:22.700,IO2606-C-4800,173.0,172.0,173.0
2025-08-22,2025-08-22 10:10:23.200,IO2606-C-4800,173.0,171.6,173.0
2025-08-22,2025-08-22 10:10:23.700,IO2606-C-4800,173.0,171.6,173.0
2025-08-22,2025-08-22 10:10:24.200,IO2606-C-4800,173.0,171.6,172.8
2025-08-22,2025-08-22 10:10:24.700,IO2606-C-4800,173.0,171.6,172.8
2025-08-22,2025-08-22 10:10:27.200,IO2606-C-4800,173.0,171.2,172.8
2025-08-22,2025-08-22 10:10:27.700,IO2606-C-4800,173.0,171.2,172.8
2025-08-22,2025-08-22 10:10:28.200,IO2606-C-4800,173.0,171.2,172.8
2025-08-22,2025-08-22 10:10:32.200,IO2606-C-4800,173.0,171.2,172.8
2025-08-22,2025-08-22 10:10:32.700,IO2606-C-4800,173.0,171.2,172.8
2025-08-22,2025-08-22 10:10:35.700,IO2606-C-4800,173.0,171.2,173.0
2025-08-22,2025-08-22 10:10:36.200,IO2606-C-4800,173.0,171.2,173.0
2025-08-22,2025-08-22 10:10:36.700,IO2606-C-4800,173.0,171.2,173.0
2025-08-22,2025-08-22 10:10:37.700,IO2606-C-4800,173.0,171.2,173.0
2025-08-22,2025-08-22 10:10:45.700,IO2606-C-4800,173.0,171.2,173.0
2025-08-22,2025-08-22 10:10:50.700,IO2606-C-4800,173.0,171.2,173.0
2025-08-22,2025-08-22 10:10:51.200,IO2606-C-4800,173.0,171.2,173.0
2025-08-22,2025-08-22 10:10:51.700,IO2606-C-4800,173.0,171.2,173.0
2025-08-22,2025-08-22 10:10:59.700,IO2606-C-4800,173.0,171.2,173.0
2025-08-22,2025-08-22 10:11:00.700,IO2606-C-4800,173.0,171.2,173.0
2025-08-22,2025-08-22 10:11:01.700,IO2606-C-4800,173.0,171.2,173.0
2025-08-22,2025-08-22 10:11:02.200,IO2606-C-4800,173.0,171.2,173.0
2025-08-22,2025-08-22 10:11:03.200,IO2606-C-4800,173.0,171.2,173.0
2025-08-22,2025-08-22 10:11:03.700,IO2606-C-4800,173.0,171.2,173.0
2025-08-22,2025-08-22 10:11:04.200,IO2606-C-4800,173.0,171.2,173.0
2025-08-22,2025-08-22 10:11:05.200,IO2606-C-4800,173.0,171.2,173.0
2025-08-22,2025-08-22 10:11:07.700,IO2606-C-4800,173.0,171.2,173.0
2025-08-22,2025-08-22 10:11:08.700,IO2606-C-4800,173.0,171.2,173.0
2025-08-22,2025-08-22 10:11:09.200,IO2606-C-4800,173.0,171.2,173.0
2025-08-22,2025-08-22 10:11:14.200,IO2606-C-4800,173.0,171.2,173.0
2025-08-22,2025-08-22 10:11:14.700,IO2606-C-4800,173.0,171.2,173.0
2025-08-22,2025-08-22 10:11:15.700,IO2606-C-4800,173.0,171.2,173.0
2025-08-22,2025-08-22 10:11:19.200,IO2606-C-4800,173.0,171.2,173.0
2025-08-22,2025-08-22 10:11:19.700,IO2606-C-4800,173.0,171.2,173.0
2025-08-22,2025-08-22 10:11:26.200,IO2606-C-4800,173.0,171.2,173.0
2025-08-22,2025-08-22 10:11:26.700,IO2606-C-4800,173.0,171.2,173.0
2025-08-22,2025-08-22 10:11:27.200,IO2606-C-4800,173.0,171.2,173.0
2025-08-22,2025-08-22 10:11:32.200,IO2606-C-4800,173.0,171.2,173.0
2025-08-22,2025-08-22 10:11:33.200,IO2606-C-4800,173.0,171.2,172.8
2025-08-22,2025-08-22 10:11:33.700,IO2606-C-4800,173.0,171.2,172.8
2025-08-22,2025-08-22 10:11:37.200,IO2606-C-4800,173.0,171.2,172.8
2025-08-22,2025-08-22 10:11:38.200,IO2606-C-4800,173.0,171.2,172.8
2025-08-22,2025-08-22 10:11:39.200,IO2606-C-4800,173.0,171.2,172.6
2025-08-22,2025-08-22 10:11:39.700,IO2606-C-4800,173.0,171.2,172.6
2025-08-22,2025-08-22 10:11:40.200,IO2606-C-4800,173.0,171.2,172.6
2025-08-22,2025-08-22 10:11:40.700,IO2606-C-4800,173.0,171.2,172.6
2025-08-22,2025-08-22 10:11:41.200,IO2606-C-4800,173.0,171.2,172.6
2025-08-22,2025-08-22 10:11:41.700,IO2606-C-4800,173.0,171.2,172.8
2025-08-22,2025-08-22 10:11:42.200,IO2606-C-4800,173.0,171.2,172.6
2025-08-22,2025-08-22 10:11:42.700,IO2606-C-4800,173.0,171.2,172.6
2025-08-22,2025-08-22 10:11:43.200,IO2606-C-4800,173.0,171.2,172.6
2025-08-22,2025-08-22 10:11:43.700,IO2606-C-4800,173.0,171.2,172.6
2025-08-22,2025-08-22 10:11:44.200,IO2606-C-4800,173.0,171.2,172.6
2025-08-22,2025-08-22 10:11:44.700,IO2606-C-4800,173.0,171.2,172.6
2025-08-22,2025-08-22 10:11:45.200,IO2606-C-4800,173.0,171.2,172.6
2025-08-22,2025-08-22 10:11:46.200,IO2606-C-4800,173.0,171.2,172.6
2025-08-22,2025-08-22 10:11:48.200,IO2606-C-4800,173.0,171.2,172.6
2025-08-22,2025-08-22 10:11:48.700,IO2606-C-4800,173.0,171.2,172.6
2025-08-22,2025-08-22 10:11:49.700,IO2606-C-4800,173.0,171.2,172.6
2025-08-22,2025-08-22 10:11:50.200,IO2606-C-4800,173.0,171.2,172.6
2025-08-22,2025-08-22 10:11:50.700,IO2606-C-4800,173.0,171.2,172.6
2025-08-22,2025-08-22 10:11:51.200,IO2606-C-4800,173.0,171.2,172.8
2025-08-22,2025-08-22 10:11:51.700,IO2606-C-4800,173.0,171.2,172.8
2025-08-22,2025-08-22 10:11:52.200,IO2606-C-4800,173.0,171.2,172.8
2025-08-22,2025-08-22 10:11:52.700,IO2606-C-4800,173.0,171.2,172.8
2025-08-22,2025-08-22 10:12:02.700,IO2606-C-4800,173.0,171.2,172.8
2025-08-22,2025-08-22 10:12:04.700,IO2606-C-4800,173.0,171.2,172.8
2025-08-22,2025-08-22 10:12:05.200,IO2606-C-4800,173.0,171.2,172.8
2025-08-22,2025-08-22 10:12:05.700,IO2606-C-4800,173.0,171.2,172.8
2025-08-22,2025-08-22 10:12:06.200,IO2606-C-4800,173.0,171.2,172.8
2025-08-22,2025-08-22 10:12:06.700,IO2606-C-4800,173.0,171.2,172.8
2025-08-22,2025-08-22 10:12:07.200,IO2606-C-4800,173.0,171.2,172.8
2025-08-22,2025-08-22 10:12:08.700,IO2606-C-4800,173.0,171.2,172.8
2025-08-22,2025-08-22 10:12:09.200,IO2606-C-4800,173.0,171.2,172.8
2025-08-22,2025-08-22 10:12:15.700,IO2606-C-4800,171.2,170.8,172.8
2025-08-22,2025-08-22 10:12:16.200,IO2606-C-4800,171.2,170.6,172.8
2025-08-22,2025-08-22 10:12:16.700,IO2606-C-4800,171.2,170.4,172.8
2025-08-22,2025-08-22 10:12:17.200,IO2606-C-4800,171.2,170.4,172.8
2025-08-22,2025-08-22 10:12:17.700,IO2606-C-4800,171.2,170.4,172.8
2025-08-22,2025-08-22 10:12:18.200,IO2606-C-4800,171.2,170.4,172.8
2025-08-22,2025-08-22 10:12:18.700,IO2606-C-4800,171.2,170.4,172.8
2025-08-22,2025-08-22 10:12:19.200,IO2606-C-4800,171.2,170.8,172.8
2025-08-22,2025-08-22 10:12:19.700,IO2606-C-4800,171.2,170.8,172.8
2025-08-22,2025-08-22 10:12:26.200,IO2606-C-4800,171.2,170.8,172.8
2025-08-22,2025-08-22 10:12:36.200,IO2606-C-4800,171.2,170.8,172.8
2025-08-22,2025-08-22 10:12:39.700,IO2606-C-4800,171.2,170.8,172.8
2025-08-22,2025-08-22 10:12:42.200,IO2606-C-4800,171.2,170.8,172.8
2025-08-22,2025-08-22 10:12:46.700,IO2606-C-4800,171.2,170.8,172.8
2025-08-22,2025-08-22 10:12:48.200,IO2606-C-4800,171.2,170.8,172.8
2025-08-22,2025-08-22 10:12:49.700,IO2606-C-4800,171.2,170.8,172.8
2025-08-22,2025-08-22 10:12:50.200,IO2606-C-4800,171.2,170.8,172.8
2025-08-22,2025-08-22 10:12:51.200,IO2606-C-4800,171.2,170.8,172.8
2025-08-22,2025-08-22 10:12:52.200,IO2606-C-4800,171.2,170.8,172.8
2025-08-22,2025-08-22 10:13:01.200,IO2606-C-4800,171.2,170.8,172.8
2025-08-22,2025-08-22 10:13:02.700,IO2606-C-4800,171.2,170.8,172.8
2025-08-22,2025-08-22 10:13:06.200,IO2606-C-4800,171.2,170.8,172.8
2025-08-22,2025-08-22 10:13:06.700,IO2606-C-4800,171.2,170.8,172.8
2025-08-22,2025-08-22 10:13:07.700,IO2606-C-4800,171.2,170.8,172.8
2025-08-22,2025-08-22 10:13:11.700,IO2606-C-4800,171.2,170.8,172.8
2025-08-22,2025-08-22 10:13:16.700,IO2606-C-4800,171.2,170.8,172.8
2025-08-22,2025-08-22 10:13:17.200,IO2606-C-4800,171.2,170.8,172.8
2025-08-22,2025-08-22 10:13:32.700,IO2606-C-4800,171.2,170.8,172.8
2025-08-22,2025-08-22 10:13:37.200,IO2606-C-4800,171.2,170.8,172.8
2025-08-22,2025-08-22 10:13:40.200,IO2606-C-4800,171.2,170.8,172.8
2025-08-22,2025-08-22 10:13:40.700,IO2606-C-4800,171.2,170.8,172.8
2025-08-22,2025-08-22 10:13:41.200,IO2606-C-4800,171.2,170.8,172.8
2025-08-22,2025-08-22 10:13:43.700,IO2606-C-4800,171.2,170.8,172.8
2025-08-22,2025-08-22 10:13:49.200,IO2606-C-4800,171.2,170.8,172.8
2025-08-22,2025-08-22 10:13:52.700,IO2606-C-4800,171.2,170.8,172.8
2025-08-22,2025-08-22 10:14:01.200,IO2606-C-4800,171.2,170.8,172.8
2025-08-22,2025-08-22 10:14:02.200,IO2606-C-4800,171.2,170.8,172.8
2025-08-22,2025-08-22 10:14:03.700,IO2606-C-4800,171.2,170.8,172.8
2025-08-22,2025-08-22 10:14:05.200,IO2606-C-4800,171.2,170.8,172.8
2025-08-22,2025-08-22 10:14:10.200,IO2606-C-4800,171.2,170.8,172.8
2025-08-22,2025-08-22 10:14:10.700,IO2606-C-4800,171.2,170.8,172.8
2025-08-22,2025-08-22 10:14:12.700,IO2606-C-4800,171.2,170.8,172.8
2025-08-22,2025-08-22 10:14:14.700,IO2606-C-4800,171.2,170.8,172.8
2025-08-22,2025-08-22 10:14:25.700,IO2606-C-4800,171.2,170.8,172.8
2025-08-22,2025-08-22 10:14:39.700,IO2606-C-4800,171.2,170.8,172.8
2025-08-22,2025-08-22 10:14:40.200,IO2606-C-4800,171.2,170.8,172.8
2025-08-22,2025-08-22 10:14:41.700,IO2606-C-4800,171.2,170.8,172.8
2025-08-22,2025-08-22 10:14:42.200,IO2606-C-4800,171.2,170.8,172.8
2025-08-22,2025-08-22 10:15:01.700,IO2606-C-4800,171.2,170.8,172.8
2025-08-22,2025-08-22 10:15:05.200,IO2606-C-4800,171.2,170.8,172.8
2025-08-22,2025-08-22 10:15:05.700,IO2606-C-4800,171.2,170.8,172.8
2025-08-22,2025-08-22 10:15:17.700,IO2606-C-4800,171.2,170.8,172.8
2025-08-22,2025-08-22 10:15:18.200,IO2606-C-4800,171.2,170.8,172.8
2025-08-22,2025-08-22 10:15:21.700,IO2606-C-4800,171.2,170.8,172.8
2025-08-22,2025-08-22 10:15:41.200,IO2606-C-4800,171.2,170.8,172.8
2025-08-22,2025-08-22 10:15:50.200,IO2606-C-4800,171.2,170.8,172.8
2025-08-22,2025-08-22 10:15:50.700,IO2606-C-4800,171.2,170.8,172.8
2025-08-22,2025-08-22 10:15:51.200,IO2606-C-4800,171.2,170.8,172.8
2025-08-22,2025-08-22 10:16:07.700,IO2606-C-4800,171.2,170.8,172.8
2025-08-22,2025-08-22 10:16:12.700,IO2606-C-4800,171.2,170.8,172.8
2025-08-22,2025-08-22 10:16:28.200,IO2606-C-4800,171.2,170.8,172.8
2025-08-22,2025-08-22 10:16:46.200,IO2606-C-4800,171.2,170.8,172.8
2025-08-22,2025-08-22 10:16:53.700,IO2606-C-4800,171.2,170.8,172.8
2025-08-22,2025-08-22 10:17:04.700,IO2606-C-4800,171.2,170.8,172.8
2025-08-22,2025-08-22 10:17:05.700,IO2606-C-4800,171.2,170.8,172.8
2025-08-22,2025-08-22 10:17:11.700,IO2606-C-4800,171.2,170.8,172.8
2025-08-22,2025-08-22 10:17:18.700,IO2606-C-4800,171.2,170.8,172.8
2025-08-22,2025-08-22 10:17:19.700,IO2606-C-4800,171.2,170.8,172.8
2025-08-22,2025-08-22 10:17:22.200,IO2606-C-4800,171.2,170.8,172.8
2025-08-22,2025-08-22 10:17:22.700,IO2606-C-4800,171.2,170.8,172.8
2025-08-22,2025-08-22 10:17:33.700,IO2606-C-4800,171.2,170.8,172.8
2025-08-22,2025-08-22 10:17:34.200,IO2606-C-4800,171.2,170.8,172.8
2025-08-22,2025-08-22 10:17:47.700,IO2606-C-4800,171.2,170.8,172.8
2025-08-22,2025-08-22 10:17:48.700,IO2606-C-4800,171.2,170.8,172.8
2025-08-22,2025-08-22 10:17:49.200,IO2606-C-4800,171.2,170.8,172.8
2025-08-22,2025-08-22 10:18:02.700,IO2606-C-4800,171.2,170.8,172.8
2025-08-22,2025-08-22 10:18:03.700,IO2606-C-4800,171.2,170.8,172.8
2025-08-22,2025-08-22 10:18:04.200,IO2606-C-4800,171.2,170.8,172.8
2025-08-22,2025-08-22 10:18:04.700,IO2606-C-4800,171.2,170.8,172.8
2025-08-22,2025-08-22 10:18:05.200,IO2606-C-4800,171.2,170.8,172.8
2025-08-22,2025-08-22 10:18:05.700,IO2606-C-4800,171.2,170.8,172.8
2025-08-22,2025-08-22 10:18:07.200,IO2606-C-4800,171.2,170.8,172.8
2025-08-22,2025-08-22 10:18:11.200,IO2606-C-4800,171.2,170.8,172.8
2025-08-22,2025-08-22 10:18:12.200,IO2606-C-4800,171.2,170.8,172.8
2025-08-22,2025-08-22 10:18:12.700,IO2606-C-4800,171.2,170.8,172.8
2025-08-22,2025-08-22 10:18:13.700,IO2606-C-4800,172.8,170.8,172.8
2025-08-22,2025-08-22 10:18:14.200,IO2606-C-4800,172.8,170.8,172.8
2025-08-22,2025-08-22 10:18:21.700,IO2606-C-4800,172.8,170.8,172.8
2025-08-22,2025-08-22 10:18:22.700,IO2606-C-4800,172.8,170.8,172.8
2025-08-22,2025-08-22 10:18:25.200,IO2606-C-4800,172.8,170.8,172.8
2025-08-22,2025-08-22 10:18:25.700,IO2606-C-4800,172.8,170.8,172.8
2025-08-22,2025-08-22 10:18:29.700,IO2606-C-4800,172.8,170.8,172.8
2025-08-22,2025-08-22 10:18:30.200,IO2606-C-4800,172.8,170.8,172.8
2025-08-22,2025-08-22 10:18:30.700,IO2606-C-4800,172.8,170.8,172.8
2025-08-22,2025-08-22 10:18:31.700,IO2606-C-4800,172.8,170.8,172.8
2025-08-22,2025-08-22 10:18:46.700,IO2606-C-4800,172.8,170.8,172.8
2025-08-22,2025-08-22 10:18:49.200,IO2606-C-4800,172.8,170.8,172.8
2025-08-22,2025-08-22 10:19:02.700,IO2606-C-4800,172.8,170.8,172.8
2025-08-22,2025-08-22 10:19:21.700,IO2606-C-4800,172.8,170.8,172.8
2025-08-22,2025-08-22 10:19:23.200,IO2606-C-4800,172.8,170.8,172.8
2025-08-22,2025-08-22 10:19:37.700,IO2606-C-4800,172.8,170.8,172.8
2025-08-22,2025-08-22 10:19:48.200,IO2606-C-4800,172.8,170.8,172.8
2025-08-22,2025-08-22 10:19:58.200,IO2606-C-4800,172.8,170.8,173.0
2025-08-22,2025-08-22 10:19:58.700,IO2606-C-4800,172.8,170.8,173.0
2025-08-22,2025-08-22 10:20:00.700,IO2606-C-4800,172.8,170.8,173.0
2025-08-22,2025-08-22 10:20:01.200,IO2606-C-4800,172.8,170.8,173.0
2025-08-22,2025-08-22 10:20:15.200,IO2606-C-4800,172.8,170.8,173.0
2025-08-22,2025-08-22 10:20:26.700,IO2606-C-4800,173.0,171.2,173.2
2025-08-22,2025-08-22 10:20:27.200,IO2606-C-4800,173.0,171.2,173.4
2025-08-22,2025-08-22 10:20:27.700,IO2606-C-4800,173.0,171.2,173.4
2025-08-22,2025-08-22 10:20:28.200,IO2606-C-4800,173.0,171.2,173.4
2025-08-22,2025-08-22 10:20:28.700,IO2606-C-4800,173.0,171.2,173.4
2025-08-22,2025-08-22 10:20:30.200,IO2606-C-4800,173.0,172.4,173.4
2025-08-22,2025-08-22 10:20:30.700,IO2606-C-4800,173.0,172.4,173.4
2025-08-22,2025-08-22 10:20:31.200,IO2606-C-4800,173.0,172.4,173.6
2025-08-22,2025-08-22 10:20:31.700,IO2606-C-4800,173.0,172.4,173.8
2025-08-22,2025-08-22 10:20:32.200,IO2606-C-4800,172.4,171.2,173.8
2025-08-22,2025-08-22 10:20:32.700,IO2606-C-4800,172.4,171.4,173.8
2025-08-22,2025-08-22 10:20:33.200,IO2606-C-4800,172.4,171.8,173.8
2025-08-22,2025-08-22 10:20:33.700,IO2606-C-4800,172.4,171.8,173.8
2025-08-22,2025-08-22 10:20:34.200,IO2606-C-4800,172.4,171.8,173.8
2025-08-22,2025-08-22 10:20:34.700,IO2606-C-4800,172.4,171.8,173.8
2025-08-22,2025-08-22 10:20:35.700,IO2606-C-4800,172.4,171.8,174.0
2025-08-22,2025-08-22 10:20:36.200,IO2606-C-4800,172.4,171.8,174.4
2025-08-22,2025-08-22 10:20:36.700,IO2606-C-4800,172.4,171.8,174.4
2025-08-22,2025-08-22 10:20:37.200,IO2606-C-4800,172.4,171.8,174.4
2025-08-22,2025-08-22 10:20:37.700,IO2606-C-4800,172.4,171.8,174.4
2025-08-22,2025-08-22 10:20:39.200,IO2606-C-4800,172.4,171.8,174.4
2025-08-22,2025-08-22 10:20:39.700,IO2606-C-4800,172.4,171.8,174.4
2025-08-22,2025-08-22 10:20:40.200,IO2606-C-4800,172.4,171.8,174.6
2025-08-22,2025-08-22 10:20:40.700,IO2606-C-4800,172.4,172.4,174.8
2025-08-22,2025-08-22 10:20:41.200,IO2606-C-4800,172.4,172.4,174.8
2025-08-22,2025-08-22 10:20:41.700,IO2606-C-4800,172.4,172.4,174.8
2025-08-22,2025-08-22 10:20:42.200,IO2606-C-4800,172.4,172.4,174.8
2025-08-22,2025-08-22 10:20:42.700,IO2606-C-4800,172.4,172.4,174.8
2025-08-22,2025-08-22 10:20:43.200,IO2606-C-4800,172.4,172.4,174.8
2025-08-22,2025-08-22 10:20:44.700,IO2606-C-4800,172.4,172.4,175.0
2025-08-22,2025-08-22 10:20:45.200,IO2606-C-4800,172.4,172.4,175.2
2025-08-22,2025-08-22 10:20:45.700,IO2606-C-4800,172.4,172.4,175.2
2025-08-22,2025-08-22 10:20:46.200,IO2606-C-4800,172.4,172.4,175.2
2025-08-22,2025-08-22 10:20:49.200,IO2606-C-4800,172.4,172.4,175.4
2025-08-22,2025-08-22 10:20:49.700,IO2606-C-4800,172.4,172.4,175.4
2025-08-22,2025-08-22 10:20:50.200,IO2606-C-4800,172.4,172.4,175.4
2025-08-22,2025-08-22 10:20:50.700,IO2606-C-4800,172.4,172.4,175.4
2025-08-22,2025-08-22 10:20:56.700,IO2606-C-4800,172.4,172.4,175.6
2025-08-22,2025-08-22 10:20:57.200,IO2606-C-4800,172.4,172.4,175.6
2025-08-22,2025-08-22 10:20:57.700,IO2606-C-4800,172.4,172.4,175.6
2025-08-22,2025-08-22 10:21:00.700,IO2606-C-4800,172.4,172.4,175.8
2025-08-22,2025-08-22 10:21:01.200,IO2606-C-4800,172.4,172.4,175.8
2025-08-22,2025-08-22 10:21:01.700,IO2606-C-4800,172.4,172.4,175.8
2025-08-22,2025-08-22 10:21:02.200,IO2606-C-4800,172.4,172.4,175.8
2025-08-22,2025-08-22 10:21:02.700,IO2606-C-4800,172.4,172.4,176.0
2025-08-22,2025-08-22 10:21:03.200,IO2606-C-4800,172.4,172.4,176.0
2025-08-22,2025-08-22 10:21:03.700,IO2606-C-4800,172.4,172.4,176.0
2025-08-22,2025-08-22 10:21:06.700,IO2606-C-4800,172.4,172.4,176.0
2025-08-22,2025-08-22 10:21:07.200,IO2606-C-4800,172.4,172.6,176.0
2025-08-22,2025-08-22 10:21:07.700,IO2606-C-4800,172.4,173.0,176.0
2025-08-22,2025-08-22 10:21:08.200,IO2606-C-4800,172.4,173.0,176.0
2025-08-22,2025-08-22 10:21:08.700,IO2606-C-4800,172.4,173.0,176.0
2025-08-22,2025-08-22 10:21:10.700,IO2606-C-4800,172.4,173.0,176.0
2025-08-22,2025-08-22 10:21:13.700,IO2606-C-4800,172.4,173.0,176.0
2025-08-22,2025-08-22 10:21:14.200,IO2606-C-4800,172.4,173.0,176.0
2025-08-22,2025-08-22 10:21:15.700,IO2606-C-4800,172.4,173.0,176.0
2025-08-22,2025-08-22 10:21:16.200,IO2606-C-4800,172.4,173.0,176.0
2025-08-22,2025-08-22 10:21:16.700,IO2606-C-4800,172.4,173.0,176.0
2025-08-22,2025-08-22 10:21:17.700,IO2606-C-4800,172.4,172.6,176.0
2025-08-22,2025-08-22 10:21:18.200,IO2606-C-4800,172.4,172.6,175.8
2025-08-22,2025-08-22 10:21:18.700,IO2606-C-4800,172.4,172.6,175.8
2025-08-22,2025-08-22 10:21:19.700,IO2606-C-4800,172.4,172.6,175.8
2025-08-22,2025-08-22 10:21:20.200,IO2606-C-4800,172.4,172.6,176.0
2025-08-22,2025-08-22 10:21:20.700,IO2606-C-4800,172.4,172.6,175.8
2025-08-22,2025-08-22 10:21:21.200,IO2606-C-4800,172.4,172.6,175.8
2025-08-22,2025-08-22 10:21:23.700,IO2606-C-4800,172.4,172.6,175.8
2025-08-22,2025-08-22 10:21:30.200,IO2606-C-4800,172.4,172.6,175.8
2025-08-22,2025-08-22 10:21:30.700,IO2606-C-4800,172.4,172.6,176.0
2025-08-22,2025-08-22 10:21:31.200,IO2606-C-4800,172.4,172.6,176.0
2025-08-22,2025-08-22 10:21:36.200,IO2606-C-4800,172.4,172.6,176.0
2025-08-22,2025-08-22 10:21:37.200,IO2606-C-4800,172.4,172.6,175.8
2025-08-22,2025-08-22 10:21:37.700,IO2606-C-4800,172.4,172.6,175.8
2025-08-22,2025-08-22 10:21:40.700,IO2606-C-4800,172.4,172.6,175.8
2025-08-22,2025-08-22 10:21:41.700,IO2606-C-4800,172.4,172.6,175.6
2025-08-22,2025-08-22 10:21:42.200,IO2606-C-4800,172.4,172.6,175.6
2025-08-22,2025-08-22 10:21:42.700,IO2606-C-4800,172.4,172.6,175.6
2025-08-22,2025-08-22 10:21:43.200,IO2606-C-4800,172.4,172.6,175.6
2025-08-22,2025-08-22 10:21:43.700,IO2606-C-4800,172.4,172.6,175.4
2025-08-22,2025-08-22 10:21:44.200,IO2606-C-4800,172.4,172.6,175.4
2025-08-22,2025-08-22 10:21:44.700,IO2606-C-4800,172.4,172.6,175.4
2025-08-22,2025-08-22 10:21:45.700,IO2606-C-4800,172.4,172.6,175.4
2025-08-22,2025-08-22 10:21:48.200,IO2606-C-4800,172.4,172.6,175.4
2025-08-22,2025-08-22 10:21:50.200,IO2606-C-4800,172.4,172.6,175.4
2025-08-22,2025-08-22 10:21:53.700,IO2606-C-4800,172.4,172.6,175.4
2025-08-22,2025-08-22 10:21:55.700,IO2606-C-4800,172.4,172.6,175.4
2025-08-22,2025-08-22 10:22:06.700,IO2606-C-4800,172.4,172.6,175.4
2025-08-22,2025-08-22 10:22:07.700,IO2606-C-4800,172.4,172.6,175.4
2025-08-22,2025-08-22 10:22:09.700,IO2606-C-4800,172.4,172.6,175.2
2025-08-22,2025-08-22 10:22:10.200,IO2606-C-4800,172.4,172.6,175.2
2025-08-22,2025-08-22 10:22:10.700,IO2606-C-4800,172.4,172.6,175.2
2025-08-22,2025-08-22 10:22:12.700,IO2606-C-4800,172.4,172.6,175.2
2025-08-22,2025-08-22 10:22:13.700,IO2606-C-4800,172.4,172.4,175.2
2025-08-22,2025-08-22 10:22:14.200,IO2606-C-4800,172.4,172.4,175.2
2025-08-22,2025-08-22 10:22:14.700,IO2606-C-4800,172.4,172.4,175.0
2025-08-22,2025-08-22 10:22:15.200,IO2606-C-4800,172.4,172.4,175.0
2025-08-22,2025-08-22 10:22:16.700,IO2606-C-4800,172.4,172.4,175.0
2025-08-22,2025-08-22 10:22:17.700,IO2606-C-4800,172.4,172.0,175.0
2025-08-22,2025-08-22 10:22:18.200,IO2606-C-4800,172.4,172.0,175.0
2025-08-22,2025-08-22 10:22:18.700,IO2606-C-4800,172.4,172.0,175.0
2025-08-22,2025-08-22 10:22:19.200,IO2606-C-4800,172.4,172.0,175.0
2025-08-22,2025-08-22 10:22:20.700,IO2606-C-4800,172.4,171.8,175.0
2025-08-22,2025-08-22 10:22:21.200,IO2606-C-4800,172.4,171.8,175.0
2025-08-22,2025-08-22 10:22:21.700,IO2606-C-4800,172.4,171.8,175.0
2025-08-22,2025-08-22 10:22:22.700,IO2606-C-4800,172.4,171.8,175.0
2025-08-22,2025-08-22 10:22:24.700,IO2606-C-4800,172.4,171.6,175.0
2025-08-22,2025-08-22 10:22:25.200,IO2606-C-4800,172.4,171.2,175.0
2025-08-22,2025-08-22 10:22:25.700,IO2606-C-4800,172.4,171.2,175.0
2025-08-22,2025-08-22 10:22:26.200,IO2606-C-4800,172.4,171.2,175.0
2025-08-22,2025-08-22 10:22:29.200,IO2606-C-4800,172.4,171.2,175.0
2025-08-22,2025-08-22 10:22:31.700,IO2606-C-4800,172.4,171.2,175.0
2025-08-22,2025-08-22 10:22:35.700,IO2606-C-4800,172.4,171.2,175.0
2025-08-22,2025-08-22 10:22:37.200,IO2606-C-4800,172.4,171.2,174.8
2025-08-22,2025-08-22 10:22:37.700,IO2606-C-4800,172.4,171.2,174.8
2025-08-22,2025-08-22 10:22:38.700,IO2606-C-4800,172.4,171.2,174.8
2025-08-22,2025-08-22 10:22:39.200,IO2606-C-4800,172.4,171.2,174.8
2025-08-22,2025-08-22 10:22:40.200,IO2606-C-4800,172.4,171.2,174.8
2025-08-22,2025-08-22 10:22:42.200,IO2606-C-4800,172.4,171.2,174.8
2025-08-22,2025-08-22 10:22:45.200,IO2606-C-4800,172.4,171.2,174.8
2025-08-22,2025-08-22 10:22:47.200,IO2606-C-4800,172.4,171.2,172.4
2025-08-22,2025-08-22 10:22:47.700,IO2606-C-4800,172.4,171.2,174.8
2025-08-22,2025-08-22 10:22:48.200,IO2606-C-4800,172.4,171.2,174.8
2025-08-22,2025-08-22 10:22:48.700,IO2606-C-4800,172.4,171.2,174.8
2025-08-22,2025-08-22 10:22:49.700,IO2606-C-4800,172.4,171.2,174.6
2025-08-22,2025-08-22 10:22:50.200,IO2606-C-4800,172.4,171.2,174.6
2025-08-22,2025-08-22 10:22:51.200,IO2606-C-4800,172.4,171.2,174.6
2025-08-22,2025-08-22 10:22:54.200,IO2606-C-4800,172.4,171.2,174.6
2025-08-22,2025-08-22 10:22:55.200,IO2606-C-4800,172.4,171.2,174.6
2025-08-22,2025-08-22 10:22:56.700,IO2606-C-4800,172.4,171.2,174.6
2025-08-22,2025-08-22 10:23:01.200,IO2606-C-4800,172.4,171.0,174.6
2025-08-22,2025-08-22 10:23:01.700,IO2606-C-4800,172.4,170.8,174.4
2025-08-22,2025-08-22 10:23:02.200,IO2606-C-4800,172.4,170.8,174.4
2025-08-22,2025-08-22 10:23:02.700,IO2606-C-4800,172.4,170.8,174.4
2025-08-22,2025-08-22 10:23:05.200,IO2606-C-4800,172.4,170.8,174.4
2025-08-22,2025-08-22 10:23:05.700,IO2606-C-4800,172.4,170.6,174.4
2025-08-22,2025-08-22 10:23:06.200,IO2606-C-4800,172.4,170.6,174.4
2025-08-22,2025-08-22 10:23:06.700,IO2606-C-4800,172.4,170.4,174.4
2025-08-22,2025-08-22 10:23:07.200,IO2606-C-4800,172.4,170.4,174.4
2025-08-22,2025-08-22 10:23:07.700,IO2606-C-4800,172.4,170.4,174.4
2025-08-22,2025-08-22 10:23:08.200,IO2606-C-4800,172.4,170.4,174.2
2025-08-22,2025-08-22 10:23:10.200,IO2606-C-4800,172.4,170.4,174.2
2025-08-22,2025-08-22 10:23:10.700,IO2606-C-4800,172.4,170.4,174.2
2025-08-22,2025-08-22 10:23:11.200,IO2606-C-4800,172.4,170.4,174.2
2025-08-22,2025-08-22 10:23:11.700,IO2606-C-4800,172.4,170.4,174.2
2025-08-22,2025-08-22 10:23:13.200,IO2606-C-4800,172.4,170.4,174.2
2025-08-22,2025-08-22 10:23:13.700,IO2606-C-4800,172.4,170.4,174.2
2025-08-22,2025-08-22 10:23:14.700,IO2606-C-4800,172.4,170.4,174.0
2025-08-22,2025-08-22 10:23:15.200,IO2606-C-4800,172.4,170.4,174.0
2025-08-22,2025-08-22 10:23:15.700,IO2606-C-4800,172.4,170.4,173.8
2025-08-22,2025-08-22 10:23:16.200,IO2606-C-4800,172.4,170.4,173.8
2025-08-22,2025-08-22 10:23:16.700,IO2606-C-4800,172.4,170.4,173.8
2025-08-22,2025-08-22 10:23:17.200,IO2606-C-4800,172.4,170.4,173.8
2025-08-22,2025-08-22 10:23:17.700,IO2606-C-4800,172.4,170.4,173.6
2025-08-22,2025-08-22 10:23:18.200,IO2606-C-4800,172.4,170.4,173.6
2025-08-22,2025-08-22 10:23:18.700,IO2606-C-4800,172.4,170.4,173.4
2025-08-22,2025-08-22 10:23:19.200,IO2606-C-4800,172.4,170.4,173.4
2025-08-22,2025-08-22 10:23:19.700,IO2606-C-4800,172.4,170.0,173.2
2025-08-22,2025-08-22 10:23:20.200,IO2606-C-4800,172.4,170.0,173.2
2025-08-22,2025-08-22 10:23:20.700,IO2606-C-4800,172.4,170.0,173.0
2025-08-22,2025-08-22 10:23:21.200,IO2606-C-4800,172.4,170.0,173.0
2025-08-22,2025-08-22 10:23:21.700,IO2606-C-4800,172.4,170.0,173.0
2025-08-22,2025-08-22 10:23:22.200,IO2606-C-4800,172.4,169.8,173.0
2025-08-22,2025-08-22 10:23:22.700,IO2606-C-4800,172.4,169.6,173.0
2025-08-22,2025-08-22 10:23:23.200,IO2606-C-4800,172.4,169.4,173.0
2025-08-22,2025-08-22 10:23:23.700,IO2606-C-4800,172.4,169.4,173.0
2025-08-22,2025-08-22 10:23:25.200,IO2606-C-4800,172.4,169.4,173.0
2025-08-22,2025-08-22 10:23:26.700,IO2606-C-4800,172.4,169.6,173.0
2025-08-22,2025-08-22 10:23:27.200,IO2606-C-4800,172.4,169.6,173.0
2025-08-22,2025-08-22 10:23:27.700,IO2606-C-4800,172.4,169.6,173.0
2025-08-22,2025-08-22 10:23:32.200,IO2606-C-4800,172.4,169.6,173.0
2025-08-22,2025-08-22 10:23:32.700,IO2606-C-4800,172.4,169.6,173.0
2025-08-22,2025-08-22 10:23:33.200,IO2606-C-4800,172.4,169.6,173.0
2025-08-22,2025-08-22 10:23:34.200,IO2606-C-4800,172.4,169.6,173.0
2025-08-22,2025-08-22 10:23:34.700,IO2606-C-4800,172.4,169.6,173.0
2025-08-22,2025-08-22 10:23:35.200,IO2606-C-4800,172.4,169.6,173.0
2025-08-22,2025-08-22 10:23:37.700,IO2606-C-4800,172.4,169.6,173.0
2025-08-22,2025-08-22 10:23:38.200,IO2606-C-4800,172.4,169.6,173.0
2025-08-22,2025-08-22 10:23:38.700,IO2606-C-4800,172.4,169.6,173.0
2025-08-22,2025-08-22 10:23:39.700,IO2606-C-4800,172.4,169.6,173.0
2025-08-22,2025-08-22 10:23:42.700,IO2606-C-4800,172.4,169.6,173.0
2025-08-22,2025-08-22 10:23:43.700,IO2606-C-4800,172.4,169.6,173.0
2025-08-22,2025-08-22 10:23:47.700,IO2606-C-4800,172.4,169.6,172.8
2025-08-22,2025-08-22 10:23:50.200,IO2606-C-4800,172.4,169.6,173.0
2025-08-22,2025-08-22 10:23:50.700,IO2606-C-4800,172.4,169.6,173.0
2025-08-22,2025-08-22 10:23:51.700,IO2606-C-4800,172.4,169.6,173.0
2025-08-22,2025-08-22 10:23:58.700,IO2606-C-4800,172.4,169.6,173.0
2025-08-22,2025-08-22 10:23:59.700,IO2606-C-4800,172.4,169.6,172.8
2025-08-22,2025-08-22 10:24:01.200,IO2606-C-4800,172.4,169.6,172.8
2025-08-22,2025-08-22 10:24:01.700,IO2606-C-4800,172.4,169.6,172.8
2025-08-22,2025-08-22 10:24:04.200,IO2606-C-4800,172.4,169.6,172.8
2025-08-22,2025-08-22 10:24:04.700,IO2606-C-4800,172.4,169.6,172.8
2025-08-22,2025-08-22 10:24:06.700,IO2606-C-4800,172.4,169.6,172.8
2025-08-22,2025-08-22 10:24:13.700,IO2606-C-4800,172.4,169.6,172.8
2025-08-22,2025-08-22 10:24:14.200,IO2606-C-4800,172.4,169.6,172.8
2025-08-22,2025-08-22 10:24:17.200,IO2606-C-4800,172.4,169.6,172.6
2025-08-22,2025-08-22 10:24:17.700,IO2606-C-4800,172.4,169.6,172.6
2025-08-22,2025-08-22 10:24:18.200,IO2606-C-4800,172.4,169.6,172.6
2025-08-22,2025-08-22 10:24:18.700,IO2606-C-4800,172.4,169.6,172.6
2025-08-22,2025-08-22 10:24:19.200,IO2606-C-4800,172.4,169.6,172.6
2025-08-22,2025-08-22 10:24:19.700,IO2606-C-4800,172.4,169.6,172.6
2025-08-22,2025-08-22 10:24:22.200,IO2606-C-4800,172.4,169.6,172.8
2025-08-22,2025-08-22 10:24:22.700,IO2606-C-4800,172.4,169.6,172.8
2025-08-22,2025-08-22 10:24:30.200,IO2606-C-4800,172.4,169.0,172.8
2025-08-22,2025-08-22 10:24:30.700,IO2606-C-4800,172.4,169.0,172.8
2025-08-22,2025-08-22 10:24:31.200,IO2606-C-4800,172.4,169.0,172.8
2025-08-22,2025-08-22 10:24:31.700,IO2606-C-4800,172.4,169.0,172.8
2025-08-22,2025-08-22 10:24:34.200,IO2606-C-4800,172.4,168.8,172.8
2025-08-22,2025-08-22 10:24:34.700,IO2606-C-4800,172.4,168.6,172.8
2025-08-22,2025-08-22 10:24:35.200,IO2606-C-4800,172.4,168.6,172.8
2025-08-22,2025-08-22 10:24:35.700,IO2606-C-4800,172.4,168.6,172.8
2025-08-22,2025-08-22 10:24:36.200,IO2606-C-4800,172.4,168.6,172.8
2025-08-22,2025-08-22 10:24:37.200,IO2606-C-4800,172.4,168.6,172.8
2025-08-22,2025-08-22 10:24:37.700,IO2606-C-4800,172.4,168.4,172.8
2025-08-22,2025-08-22 10:24:38.200,IO2606-C-4800,172.4,168.4,172.8
2025-08-22,2025-08-22 10:24:38.700,IO2606-C-4800,172.4,168.4,172.8
2025-08-22,2025-08-22 10:24:39.700,IO2606-C-4800,172.4,168.4,172.8
2025-08-22,2025-08-22 10:24:40.200,IO2606-C-4800,172.4,168.8,172.8
2025-08-22,2025-08-22 10:24:40.700,IO2606-C-4800,172.4,168.8,172.8
2025-08-22,2025-08-22 10:24:41.200,IO2606-C-4800,172.4,168.8,172.8
2025-08-22,2025-08-22 10:24:45.700,IO2606-C-4800,172.4,168.8,172.8
2025-08-22,2025-08-22 10:24:53.700,IO2606-C-4800,172.4,168.8,172.8
2025-08-22,2025-08-22 10:24:58.700,IO2606-C-4800,172.4,168.8,172.8
2025-08-22,2025-08-22 10:24:59.200,IO2606-C-4800,172.4,168.8,172.8
2025-08-22,2025-08-22 10:24:59.700,IO2606-C-4800,172.4,168.8,172.8
2025-08-22,2025-08-22 10:25:02.700,IO2606-C-4800,172.4,168.8,172.6
2025-08-22,2025-08-22 10:25:03.200,IO2606-C-4800,172.4,168.8,172.2
2025-08-22,2025-08-22 10:25:03.700,IO2606-C-4800,172.4,168.8,172.2
2025-08-22,2025-08-22 10:25:06.700,IO2606-C-4800,172.4,168.8,172.2
2025-08-22,2025-08-22 10:25:09.700,IO2606-C-4800,172.4,168.8,172.2
2025-08-22,2025-08-22 10:25:13.200,IO2606-C-4800,172.4,168.8,172.0
2025-08-22,2025-08-22 10:25:13.700,IO2606-C-4800,172.4,168.8,172.0
2025-08-22,2025-08-22 10:25:14.700,IO2606-C-4800,172.4,168.8,172.0
2025-08-22,2025-08-22 10:25:15.200,IO2606-C-4800,172.4,168.8,172.0
2025-08-22,2025-08-22 10:25:17.200,IO2606-C-4800,172.4,168.8,172.2
2025-08-22,2025-08-22 10:25:29.700,IO2606-C-4800,172.4,168.8,170.0
2025-08-22,2025-08-22 10:25:30.200,IO2606-C-4800,170.0,168.8,172.2
2025-08-22,2025-08-22 10:25:30.700,IO2606-C-4800,170.0,168.8,172.2
2025-08-22,2025-08-22 10:25:31.200,IO2606-C-4800,170.0,168.8,172.2
2025-08-22,2025-08-22 10:25:36.200,IO2606-C-4800,170.0,168.8,172.2
2025-08-22,2025-08-22 10:25:46.200,IO2606-C-4800,170.0,168.8,170.0
2025-08-22,2025-08-22 10:25:46.700,IO2606-C-4800,170.0,168.8,171.8
2025-08-22,2025-08-22 10:25:47.200,IO2606-C-4800,170.0,168.8,171.8
2025-08-22,2025-08-22 10:25:47.700,IO2606-C-4800,170.0,168.8,171.8
2025-08-22,2025-08-22 10:25:48.200,IO2606-C-4800,170.0,168.8,172.0
2025-08-22,2025-08-22 10:25:49.200,IO2606-C-4800,170.0,168.8,172.0
2025-08-22,2025-08-22 10:25:57.700,IO2606-C-4800,170.0,168.8,172.0
2025-08-22,2025-08-22 10:26:11.700,IO2606-C-4800,170.0,168.8,172.0
2025-08-22,2025-08-22 10:26:24.700,IO2606-C-4800,170.0,168.8,172.0
2025-08-22,2025-08-22 10:26:29.200,IO2606-C-4800,170.0,168.8,172.4
2025-08-22,2025-08-22 10:26:29.700,IO2606-C-4800,170.0,168.8,172.4
2025-08-22,2025-08-22 10:26:30.200,IO2606-C-4800,170.0,168.8,172.4
2025-08-22,2025-08-22 10:26:33.200,IO2606-C-4800,170.0,168.8,172.4
2025-08-22,2025-08-22 10:26:33.700,IO2606-C-4800,170.0,168.8,172.4
2025-08-22,2025-08-22 10:26:34.200,IO2606-C-4800,170.0,168.8,172.4
2025-08-22,2025-08-22 10:26:35.700,IO2606-C-4800,170.0,168.8,172.4
2025-08-22,2025-08-22 10:26:36.700,IO2606-C-4800,170.0,168.8,172.4
2025-08-22,2025-08-22 10:26:37.200,IO2606-C-4800,170.0,168.8,172.6
