tradingdate,tradingtime,symbol,lastprice,buyprice01,sellprice01
2025-08-26,2025-08-26 09:29:00.000,IO2603-P-5000,704.8,687.8,749.0
2025-08-26,2025-08-26 09:30:00.500,IO2603-P-5000,704.8,687.8,745.8
2025-08-26,2025-08-26 09:30:01.000,IO2603-P-5000,704.8,687.8,745.8
2025-08-26,2025-08-26 09:30:02.000,IO2603-P-5000,704.8,687.8,745.8
2025-08-26,2025-08-26 09:30:06.500,IO2603-P-5000,704.8,687.8,745.8
2025-08-26,2025-08-26 09:30:12.000,IO2603-P-5000,704.8,687.8,745.8
2025-08-26,2025-08-26 09:30:12.500,IO2603-P-5000,704.8,687.8,745.8
2025-08-26,2025-08-26 09:30:13.000,IO2603-P-5000,704.8,688.0,745.6
2025-08-26,2025-08-26 09:30:13.500,IO2603-P-5000,704.8,688.0,745.6
2025-08-26,2025-08-26 09:30:15.000,IO2603-P-5000,704.8,688.0,745.6
2025-08-26,2025-08-26 09:30:15.500,IO2603-P-5000,704.8,673.6,745.6
2025-08-26,2025-08-26 09:30:16.000,IO2603-P-5000,704.8,673.6,745.6
2025-08-26,2025-08-26 09:30:18.500,IO2603-P-5000,704.8,673.6,745.6
2025-08-26,2025-08-26 09:30:24.500,IO2603-P-5000,704.8,673.6,761.2
2025-08-26,2025-08-26 09:30:29.500,IO2603-P-5000,704.8,673.6,761.2
2025-08-26,2025-08-26 09:30:33.000,IO2603-P-5000,704.8,673.6,761.0
2025-08-26,2025-08-26 09:30:44.000,IO2603-P-5000,704.8,712.4,737.2
2025-08-26,2025-08-26 09:30:44.500,IO2603-P-5000,704.8,712.4,737.2
2025-08-26,2025-08-26 09:30:45.000,IO2603-P-5000,704.8,712.4,737.2
2025-08-26,2025-08-26 09:30:45.500,IO2603-P-5000,704.8,705.6,737.8
2025-08-26,2025-08-26 09:30:46.000,IO2603-P-5000,704.8,705.6,737.8
2025-08-26,2025-08-26 09:30:47.000,IO2603-P-5000,704.8,705.6,737.8
2025-08-26,2025-08-26 09:30:47.500,IO2603-P-5000,704.8,705.6,737.8
2025-08-26,2025-08-26 09:30:51.000,IO2603-P-5000,704.8,705.6,737.8
2025-08-26,2025-08-26 09:30:51.500,IO2603-P-5000,704.8,705.6,737.8
2025-08-26,2025-08-26 09:30:52.000,IO2603-P-5000,704.8,705.6,737.8
2025-08-26,2025-08-26 09:31:10.000,IO2603-P-5000,704.8,706.4,731.2
2025-08-26,2025-08-26 09:31:10.500,IO2603-P-5000,704.8,706.4,731.2
2025-08-26,2025-08-26 09:31:22.500,IO2603-P-5000,704.8,706.4,731.2
2025-08-26,2025-08-26 09:31:23.000,IO2603-P-5000,704.8,706.4,731.2
2025-08-26,2025-08-26 09:31:33.000,IO2603-P-5000,704.8,706.4,731.2
2025-08-26,2025-08-26 09:31:33.500,IO2603-P-5000,704.8,706.4,731.2
2025-08-26,2025-08-26 09:31:50.500,IO2603-P-5000,704.8,706.6,731.0
2025-08-26,2025-08-26 09:31:51.000,IO2603-P-5000,704.8,706.6,731.0
2025-08-26,2025-08-26 09:31:51.500,IO2603-P-5000,704.8,706.6,731.0
2025-08-26,2025-08-26 09:31:56.000,IO2603-P-5000,704.8,706.6,731.0
2025-08-26,2025-08-26 09:31:57.500,IO2603-P-5000,704.8,706.6,731.0
2025-08-26,2025-08-26 09:32:08.000,IO2603-P-5000,704.8,706.6,731.0
2025-08-26,2025-08-26 09:32:08.500,IO2603-P-5000,704.8,706.6,731.0
2025-08-26,2025-08-26 09:32:09.000,IO2603-P-5000,704.8,706.6,731.0
2025-08-26,2025-08-26 09:32:09.500,IO2603-P-5000,704.8,706.6,731.0
2025-08-26,2025-08-26 09:32:10.500,IO2603-P-5000,704.8,706.6,731.0
2025-08-26,2025-08-26 09:32:11.500,IO2603-P-5000,704.8,706.6,731.0
2025-08-26,2025-08-26 09:32:12.000,IO2603-P-5000,704.8,706.6,731.0
2025-08-26,2025-08-26 09:32:12.500,IO2603-P-5000,704.8,706.6,727.0
2025-08-26,2025-08-26 09:32:13.000,IO2603-P-5000,704.8,704.8,726.8
2025-08-26,2025-08-26 09:32:13.500,IO2603-P-5000,704.8,705.0,726.6
2025-08-26,2025-08-26 09:32:14.000,IO2603-P-5000,704.8,705.0,726.6
2025-08-26,2025-08-26 09:32:16.500,IO2603-P-5000,704.8,705.0,726.6
2025-08-26,2025-08-26 09:32:39.500,IO2603-P-5000,705.0,705.0,726.6
2025-08-26,2025-08-26 09:32:46.000,IO2603-P-5000,705.0,705.0,726.6
2025-08-26,2025-08-26 09:32:51.000,IO2603-P-5000,705.0,705.2,726.4
2025-08-26,2025-08-26 09:32:51.500,IO2603-P-5000,705.0,705.2,726.4
2025-08-26,2025-08-26 09:32:57.500,IO2603-P-5000,705.0,705.2,726.4
2025-08-26,2025-08-26 09:32:58.000,IO2603-P-5000,705.2,705.2,724.8
2025-08-26,2025-08-26 09:32:58.500,IO2603-P-5000,705.2,705.2,724.6
2025-08-26,2025-08-26 09:32:59.000,IO2603-P-5000,705.2,705.2,724.6
2025-08-26,2025-08-26 09:32:59.500,IO2603-P-5000,705.2,705.2,725.0
2025-08-26,2025-08-26 09:33:01.000,IO2603-P-5000,705.2,705.2,725.0
2025-08-26,2025-08-26 09:33:01.500,IO2603-P-5000,705.2,705.2,725.0
2025-08-26,2025-08-26 09:33:02.000,IO2603-P-5000,705.2,705.2,725.0
2025-08-26,2025-08-26 09:33:05.000,IO2603-P-5000,705.2,707.4,721.8
2025-08-26,2025-08-26 09:33:05.500,IO2603-P-5000,705.2,707.4,721.8
2025-08-26,2025-08-26 09:33:06.500,IO2603-P-5000,705.2,707.4,721.8
2025-08-26,2025-08-26 09:33:07.000,IO2603-P-5000,705.2,707.4,721.8
2025-08-26,2025-08-26 09:33:13.500,IO2603-P-5000,705.2,707.4,721.8
2025-08-26,2025-08-26 09:33:14.000,IO2603-P-5000,705.2,707.4,721.8
2025-08-26,2025-08-26 09:33:14.500,IO2603-P-5000,705.2,707.4,721.8
2025-08-26,2025-08-26 09:33:15.000,IO2603-P-5000,705.2,707.4,721.8
2025-08-26,2025-08-26 09:33:34.500,IO2603-P-5000,705.2,707.4,721.8
2025-08-26,2025-08-26 09:33:35.000,IO2603-P-5000,705.2,707.4,721.8
2025-08-26,2025-08-26 09:33:47.500,IO2603-P-5000,705.2,707.6,721.6
2025-08-26,2025-08-26 09:33:48.000,IO2603-P-5000,705.2,707.6,721.6
2025-08-26,2025-08-26 09:34:09.000,IO2603-P-5000,705.2,708.0,718.2
2025-08-26,2025-08-26 09:34:09.500,IO2603-P-5000,705.2,708.0,718.2
2025-08-26,2025-08-26 09:34:10.500,IO2603-P-5000,705.2,708.0,718.2
2025-08-26,2025-08-26 09:34:13.500,IO2603-P-5000,705.2,708.0,718.2
2025-08-26,2025-08-26 09:34:14.000,IO2603-P-5000,705.2,708.0,718.2
2025-08-26,2025-08-26 09:34:27.000,IO2603-P-5000,705.2,708.2,718.2
2025-08-26,2025-08-26 09:34:27.500,IO2603-P-5000,705.2,708.2,718.2
2025-08-26,2025-08-26 09:34:30.500,IO2603-P-5000,705.2,708.2,718.0
2025-08-26,2025-08-26 09:34:31.000,IO2603-P-5000,705.2,708.2,718.0
2025-08-26,2025-08-26 09:34:37.000,IO2603-P-5000,705.2,708.2,718.0
2025-08-26,2025-08-26 09:34:47.500,IO2603-P-5000,705.2,708.2,717.8
2025-08-26,2025-08-26 09:34:48.000,IO2603-P-5000,705.2,708.2,717.8
2025-08-26,2025-08-26 09:34:48.500,IO2603-P-5000,705.2,708.2,717.6
2025-08-26,2025-08-26 09:34:49.000,IO2603-P-5000,705.2,708.2,716.4
2025-08-26,2025-08-26 09:34:49.500,IO2603-P-5000,705.2,708.2,716.4
2025-08-26,2025-08-26 09:34:55.000,IO2603-P-5000,705.2,708.2,716.4
2025-08-26,2025-08-26 09:34:57.000,IO2603-P-5000,705.2,708.2,716.4
2025-08-26,2025-08-26 09:34:59.000,IO2603-P-5000,705.2,708.2,716.4
2025-08-26,2025-08-26 09:35:02.500,IO2603-P-5000,705.2,708.2,717.0
2025-08-26,2025-08-26 09:35:03.000,IO2603-P-5000,705.2,708.2,717.0
2025-08-26,2025-08-26 09:35:03.500,IO2603-P-5000,705.2,708.2,717.0
2025-08-26,2025-08-26 09:35:04.000,IO2603-P-5000,705.2,708.2,717.0
2025-08-26,2025-08-26 09:35:04.500,IO2603-P-5000,705.2,708.2,717.0
2025-08-26,2025-08-26 09:35:05.000,IO2603-P-5000,705.2,709.8,717.0
2025-08-26,2025-08-26 09:35:05.500,IO2603-P-5000,705.2,709.8,717.0
2025-08-26,2025-08-26 09:35:06.000,IO2603-P-5000,705.2,709.8,717.8
2025-08-26,2025-08-26 09:35:06.500,IO2603-P-5000,705.2,709.8,717.8
2025-08-26,2025-08-26 09:35:08.000,IO2603-P-5000,705.2,709.8,717.8
2025-08-26,2025-08-26 09:35:09.500,IO2603-P-5000,705.2,708.2,718.0
2025-08-26,2025-08-26 09:35:10.000,IO2603-P-5000,705.2,708.2,718.0
2025-08-26,2025-08-26 09:35:18.000,IO2603-P-5000,705.2,708.2,718.0
2025-08-26,2025-08-26 09:35:18.500,IO2603-P-5000,705.2,708.2,718.0
2025-08-26,2025-08-26 09:35:24.000,IO2603-P-5000,705.2,708.2,718.0
2025-08-26,2025-08-26 09:35:28.000,IO2603-P-5000,705.2,708.2,718.0
2025-08-26,2025-08-26 09:35:33.000,IO2603-P-5000,705.2,708.2,718.0
2025-08-26,2025-08-26 09:35:36.500,IO2603-P-5000,705.2,708.2,718.0
2025-08-26,2025-08-26 09:35:38.500,IO2603-P-5000,705.2,708.2,716.4
2025-08-26,2025-08-26 09:35:39.000,IO2603-P-5000,705.2,708.2,716.0
2025-08-26,2025-08-26 09:35:39.500,IO2603-P-5000,705.2,708.2,716.0
2025-08-26,2025-08-26 09:35:40.000,IO2603-P-5000,705.2,708.2,716.0
2025-08-26,2025-08-26 09:35:40.500,IO2603-P-5000,705.2,708.2,716.0
2025-08-26,2025-08-26 09:35:44.000,IO2603-P-5000,705.2,708.2,716.0
2025-08-26,2025-08-26 09:35:44.500,IO2603-P-5000,705.2,708.2,716.0
2025-08-26,2025-08-26 09:35:45.500,IO2603-P-5000,705.2,708.2,716.0
2025-08-26,2025-08-26 09:35:48.500,IO2603-P-5000,705.2,708.2,716.0
2025-08-26,2025-08-26 09:35:50.000,IO2603-P-5000,705.2,709.4,717.2
2025-08-26,2025-08-26 09:35:50.500,IO2603-P-5000,705.2,709.4,717.2
2025-08-26,2025-08-26 09:35:51.000,IO2603-P-5000,705.2,709.4,717.2
2025-08-26,2025-08-26 09:35:51.500,IO2603-P-5000,705.2,709.4,717.2
2025-08-26,2025-08-26 09:35:57.500,IO2603-P-5000,705.2,709.6,717.2
2025-08-26,2025-08-26 09:35:58.000,IO2603-P-5000,705.2,709.6,718.2
2025-08-26,2025-08-26 09:35:58.500,IO2603-P-5000,705.2,709.6,718.2
2025-08-26,2025-08-26 09:35:59.500,IO2603-P-5000,705.2,709.6,718.2
2025-08-26,2025-08-26 09:36:00.000,IO2603-P-5000,705.2,709.8,718.2
2025-08-26,2025-08-26 09:36:01.000,IO2603-P-5000,705.2,709.8,718.4
2025-08-26,2025-08-26 09:36:01.500,IO2603-P-5000,705.2,709.8,718.4
2025-08-26,2025-08-26 09:36:02.000,IO2603-P-5000,705.2,709.8,718.4
2025-08-26,2025-08-26 09:36:02.500,IO2603-P-5000,705.2,709.8,718.4
2025-08-26,2025-08-26 09:36:03.000,IO2603-P-5000,705.2,709.8,718.4
2025-08-26,2025-08-26 09:36:03.500,IO2603-P-5000,705.2,709.8,718.4
2025-08-26,2025-08-26 09:36:04.500,IO2603-P-5000,705.2,709.8,718.4
2025-08-26,2025-08-26 09:36:05.500,IO2603-P-5000,705.2,709.6,718.2
2025-08-26,2025-08-26 09:36:06.000,IO2603-P-5000,705.2,709.6,718.2
2025-08-26,2025-08-26 09:36:07.000,IO2603-P-5000,705.2,709.6,718.2
2025-08-26,2025-08-26 09:36:07.500,IO2603-P-5000,705.2,709.6,718.2
2025-08-26,2025-08-26 09:36:12.000,IO2603-P-5000,705.2,709.6,718.2
2025-08-26,2025-08-26 09:36:14.000,IO2603-P-5000,705.2,709.6,718.2
2025-08-26,2025-08-26 09:36:14.500,IO2603-P-5000,705.2,709.6,718.2
2025-08-26,2025-08-26 09:36:15.000,IO2603-P-5000,705.2,709.6,718.2
2025-08-26,2025-08-26 09:36:16.000,IO2603-P-5000,705.2,709.6,718.2
2025-08-26,2025-08-26 09:36:16.500,IO2603-P-5000,705.2,709.6,718.2
2025-08-26,2025-08-26 09:36:17.000,IO2603-P-5000,705.2,709.8,718.2
2025-08-26,2025-08-26 09:36:17.500,IO2603-P-5000,705.2,710.0,718.2
2025-08-26,2025-08-26 09:36:18.000,IO2603-P-5000,705.2,710.0,718.2
2025-08-26,2025-08-26 09:36:18.500,IO2603-P-5000,705.2,710.6,718.2
2025-08-26,2025-08-26 09:36:19.000,IO2603-P-5000,705.2,710.6,718.2
2025-08-26,2025-08-26 09:36:19.500,IO2603-P-5000,705.2,710.6,718.2
2025-08-26,2025-08-26 09:36:20.000,IO2603-P-5000,705.2,710.6,718.2
2025-08-26,2025-08-26 09:36:22.000,IO2603-P-5000,705.2,710.0,718.2
2025-08-26,2025-08-26 09:36:22.500,IO2603-P-5000,705.2,709.8,718.2
2025-08-26,2025-08-26 09:36:23.000,IO2603-P-5000,705.2,709.8,718.2
2025-08-26,2025-08-26 09:36:23.500,IO2603-P-5000,705.2,709.8,718.2
2025-08-26,2025-08-26 09:36:24.500,IO2603-P-5000,705.2,709.8,718.2
2025-08-26,2025-08-26 09:36:25.000,IO2603-P-5000,705.2,709.8,718.2
2025-08-26,2025-08-26 09:36:27.000,IO2603-P-5000,705.2,709.8,718.2
2025-08-26,2025-08-26 09:36:33.000,IO2603-P-5000,705.2,709.2,718.2
2025-08-26,2025-08-26 09:36:36.500,IO2603-P-5000,705.2,709.8,718.2
2025-08-26,2025-08-26 09:36:41.500,IO2603-P-5000,705.2,709.8,718.2
2025-08-26,2025-08-26 09:36:54.000,IO2603-P-5000,705.2,710.8,718.2
2025-08-26,2025-08-26 09:36:54.500,IO2603-P-5000,705.2,710.8,718.2
2025-08-26,2025-08-26 09:36:57.500,IO2603-P-5000,718.2,711.0,718.4
2025-08-26,2025-08-26 09:36:58.000,IO2603-P-5000,718.2,711.0,718.4
2025-08-26,2025-08-26 09:36:59.000,IO2603-P-5000,718.2,711.0,718.4
2025-08-26,2025-08-26 09:36:59.500,IO2603-P-5000,718.2,711.0,718.4
2025-08-26,2025-08-26 09:37:00.000,IO2603-P-5000,718.2,711.0,718.4
2025-08-26,2025-08-26 09:37:00.500,IO2603-P-5000,718.2,711.4,718.4
2025-08-26,2025-08-26 09:37:01.500,IO2603-P-5000,718.2,711.0,718.4
2025-08-26,2025-08-26 09:37:06.000,IO2603-P-5000,718.2,711.0,718.4
2025-08-26,2025-08-26 09:37:09.000,IO2603-P-5000,718.2,711.0,718.4
2025-08-26,2025-08-26 09:37:09.500,IO2603-P-5000,718.2,711.0,718.4
2025-08-26,2025-08-26 09:37:14.500,IO2603-P-5000,718.2,711.0,718.4
2025-08-26,2025-08-26 09:37:15.000,IO2603-P-5000,718.2,711.0,718.4
2025-08-26,2025-08-26 09:37:22.000,IO2603-P-5000,718.2,711.6,718.4
2025-08-26,2025-08-26 09:37:22.500,IO2603-P-5000,718.2,711.6,718.6
2025-08-26,2025-08-26 09:37:23.000,IO2603-P-5000,718.2,711.6,718.6
2025-08-26,2025-08-26 09:37:23.500,IO2603-P-5000,718.2,711.6,718.6
2025-08-26,2025-08-26 09:37:24.000,IO2603-P-5000,718.2,711.6,719.0
2025-08-26,2025-08-26 09:37:24.500,IO2603-P-5000,718.2,712.0,719.2
2025-08-26,2025-08-26 09:37:25.000,IO2603-P-5000,718.2,712.0,719.2
2025-08-26,2025-08-26 09:37:25.500,IO2603-P-5000,718.2,712.0,719.2
2025-08-26,2025-08-26 09:37:26.500,IO2603-P-5000,718.2,712.0,719.2
2025-08-26,2025-08-26 09:37:31.500,IO2603-P-5000,718.2,711.0,719.2
2025-08-26,2025-08-26 09:37:32.000,IO2603-P-5000,718.2,711.0,719.2
2025-08-26,2025-08-26 09:37:32.500,IO2603-P-5000,718.2,711.0,719.2
2025-08-26,2025-08-26 09:37:44.000,IO2603-P-5000,718.2,711.0,719.8
2025-08-26,2025-08-26 09:37:44.500,IO2603-P-5000,718.2,711.0,719.8
2025-08-26,2025-08-26 09:37:45.000,IO2603-P-5000,718.2,711.0,719.8
2025-08-26,2025-08-26 09:37:51.500,IO2603-P-5000,718.2,711.6,719.8
2025-08-26,2025-08-26 09:37:52.000,IO2603-P-5000,718.2,711.6,719.8
2025-08-26,2025-08-26 09:37:52.500,IO2603-P-5000,718.2,711.6,719.8
2025-08-26,2025-08-26 09:38:03.000,IO2603-P-5000,718.2,711.6,720.2
2025-08-26,2025-08-26 09:38:03.500,IO2603-P-5000,718.2,711.6,720.2
2025-08-26,2025-08-26 09:38:05.000,IO2603-P-5000,718.2,711.6,720.2
2025-08-26,2025-08-26 09:38:05.500,IO2603-P-5000,718.2,711.8,720.2
2025-08-26,2025-08-26 09:38:06.000,IO2603-P-5000,718.2,711.8,720.2
2025-08-26,2025-08-26 09:38:06.500,IO2603-P-5000,718.2,711.8,720.2
2025-08-26,2025-08-26 09:38:07.500,IO2603-P-5000,718.2,711.8,720.2
2025-08-26,2025-08-26 09:38:08.000,IO2603-P-5000,718.2,711.8,720.2
2025-08-26,2025-08-26 09:38:08.500,IO2603-P-5000,718.2,711.8,720.2
2025-08-26,2025-08-26 09:38:09.000,IO2603-P-5000,718.2,711.8,720.2
2025-08-26,2025-08-26 09:38:10.500,IO2603-P-5000,718.2,712.2,720.2
2025-08-26,2025-08-26 09:38:11.000,IO2603-P-5000,718.2,712.2,720.2
2025-08-26,2025-08-26 09:38:18.000,IO2603-P-5000,718.2,711.8,720.4
2025-08-26,2025-08-26 09:38:52.000,IO2603-P-5000,718.2,711.8,720.4
2025-08-26,2025-08-26 09:38:53.000,IO2603-P-5000,718.2,712.2,720.4
2025-08-26,2025-08-26 09:38:54.000,IO2603-P-5000,718.2,712.2,720.4
2025-08-26,2025-08-26 09:38:57.000,IO2603-P-5000,718.2,711.8,720.4
2025-08-26,2025-08-26 09:38:58.000,IO2603-P-5000,718.2,711.8,719.8
2025-08-26,2025-08-26 09:38:58.500,IO2603-P-5000,718.2,711.8,719.8
2025-08-26,2025-08-26 09:38:59.000,IO2603-P-5000,718.2,711.8,719.8
2025-08-26,2025-08-26 09:39:03.000,IO2603-P-5000,718.2,711.8,719.2
2025-08-26,2025-08-26 09:39:03.500,IO2603-P-5000,718.2,711.8,719.2
2025-08-26,2025-08-26 09:39:04.000,IO2603-P-5000,718.2,711.8,719.0
2025-08-26,2025-08-26 09:39:04.500,IO2603-P-5000,718.2,711.8,719.0
2025-08-26,2025-08-26 09:39:05.000,IO2603-P-5000,718.2,711.8,719.0
2025-08-26,2025-08-26 09:39:09.000,IO2603-P-5000,718.2,711.8,719.0
2025-08-26,2025-08-26 09:39:20.000,IO2603-P-5000,718.2,711.8,720.0
2025-08-26,2025-08-26 09:39:20.500,IO2603-P-5000,718.2,711.8,720.0
2025-08-26,2025-08-26 09:39:24.500,IO2603-P-5000,718.2,711.8,720.0
2025-08-26,2025-08-26 09:39:25.000,IO2603-P-5000,718.2,711.8,720.0
2025-08-26,2025-08-26 09:39:34.000,IO2603-P-5000,718.2,711.8,720.0
2025-08-26,2025-08-26 09:39:34.500,IO2603-P-5000,718.2,712.8,720.0
2025-08-26,2025-08-26 09:39:35.000,IO2603-P-5000,718.2,712.8,720.4
2025-08-26,2025-08-26 09:39:35.500,IO2603-P-5000,718.2,712.8,720.4
2025-08-26,2025-08-26 09:39:39.500,IO2603-P-5000,718.2,711.8,720.4
2025-08-26,2025-08-26 09:39:40.000,IO2603-P-5000,718.2,711.8,720.4
2025-08-26,2025-08-26 09:39:40.500,IO2603-P-5000,718.2,711.8,720.4
2025-08-26,2025-08-26 09:39:43.500,IO2603-P-5000,718.2,711.8,720.6
2025-08-26,2025-08-26 09:39:44.000,IO2603-P-5000,718.2,712.8,720.6
2025-08-26,2025-08-26 09:39:44.500,IO2603-P-5000,718.2,713.0,720.6
2025-08-26,2025-08-26 09:39:45.000,IO2603-P-5000,718.2,713.0,720.6
2025-08-26,2025-08-26 09:39:56.500,IO2603-P-5000,718.2,713.0,720.6
2025-08-26,2025-08-26 09:39:58.500,IO2603-P-5000,718.2,713.0,720.8
2025-08-26,2025-08-26 09:39:59.000,IO2603-P-5000,718.2,713.0,720.8
2025-08-26,2025-08-26 09:40:00.500,IO2603-P-5000,718.2,713.0,720.8
2025-08-26,2025-08-26 09:40:01.000,IO2603-P-5000,718.2,713.0,720.8
2025-08-26,2025-08-26 09:40:01.500,IO2603-P-5000,718.2,713.0,721.0
2025-08-26,2025-08-26 09:40:02.000,IO2603-P-5000,718.2,713.4,721.0
2025-08-26,2025-08-26 09:40:02.500,IO2603-P-5000,718.2,713.4,721.0
2025-08-26,2025-08-26 09:40:03.500,IO2603-P-5000,718.2,713.4,721.0
2025-08-26,2025-08-26 09:40:04.500,IO2603-P-5000,718.2,713.0,721.0
2025-08-26,2025-08-26 09:40:05.000,IO2603-P-5000,718.2,713.0,721.0
2025-08-26,2025-08-26 09:40:05.500,IO2603-P-5000,718.2,713.0,720.8
2025-08-26,2025-08-26 09:40:06.000,IO2603-P-5000,718.2,713.0,720.8
2025-08-26,2025-08-26 09:40:09.000,IO2603-P-5000,718.2,713.0,720.8
2025-08-26,2025-08-26 09:40:09.500,IO2603-P-5000,718.2,713.0,720.8
2025-08-26,2025-08-26 09:40:10.000,IO2603-P-5000,718.2,713.0,720.8
2025-08-26,2025-08-26 09:40:12.500,IO2603-P-5000,718.2,713.0,721.0
2025-08-26,2025-08-26 09:40:13.000,IO2603-P-5000,718.2,713.0,721.0
2025-08-26,2025-08-26 09:40:13.500,IO2603-P-5000,718.2,713.0,721.0
2025-08-26,2025-08-26 09:40:14.000,IO2603-P-5000,718.2,713.2,721.0
2025-08-26,2025-08-26 09:40:14.500,IO2603-P-5000,718.2,713.4,721.0
2025-08-26,2025-08-26 09:40:15.000,IO2603-P-5000,718.2,713.0,721.0
2025-08-26,2025-08-26 09:40:15.500,IO2603-P-5000,718.2,713.4,721.0
2025-08-26,2025-08-26 09:40:16.000,IO2603-P-5000,718.2,713.6,721.0
2025-08-26,2025-08-26 09:40:16.500,IO2603-P-5000,718.2,713.6,721.0
2025-08-26,2025-08-26 09:40:17.000,IO2603-P-5000,718.2,713.8,721.0
2025-08-26,2025-08-26 09:40:17.500,IO2603-P-5000,718.2,713.4,721.0
2025-08-26,2025-08-26 09:40:18.000,IO2603-P-5000,718.2,713.4,721.0
2025-08-26,2025-08-26 09:40:18.500,IO2603-P-5000,718.2,713.4,721.4
2025-08-26,2025-08-26 09:40:19.000,IO2603-P-5000,718.2,714.0,721.6
2025-08-26,2025-08-26 09:40:19.500,IO2603-P-5000,718.2,714.0,721.6
2025-08-26,2025-08-26 09:40:20.000,IO2603-P-5000,718.2,714.2,721.6
2025-08-26,2025-08-26 09:40:20.500,IO2603-P-5000,718.2,714.2,721.6
2025-08-26,2025-08-26 09:40:21.000,IO2603-P-5000,718.2,714.2,721.6
2025-08-26,2025-08-26 09:40:21.500,IO2603-P-5000,718.2,714.2,721.6
2025-08-26,2025-08-26 09:40:22.500,IO2603-P-5000,718.2,714.2,721.6
2025-08-26,2025-08-26 09:40:24.500,IO2603-P-5000,718.2,714.2,721.0
2025-08-26,2025-08-26 09:40:28.000,IO2603-P-5000,718.2,714.2,721.0
2025-08-26,2025-08-26 09:40:28.500,IO2603-P-5000,718.2,714.2,721.6
2025-08-26,2025-08-26 09:40:34.500,IO2603-P-5000,718.2,714.2,722.2
2025-08-26,2025-08-26 09:40:35.000,IO2603-P-5000,718.2,714.2,722.2
2025-08-26,2025-08-26 09:40:35.500,IO2603-P-5000,718.2,714.2,722.2
2025-08-26,2025-08-26 09:40:36.000,IO2603-P-5000,718.2,714.2,722.2
2025-08-26,2025-08-26 09:40:36.500,IO2603-P-5000,718.2,714.2,722.2
2025-08-26,2025-08-26 09:40:37.000,IO2603-P-5000,718.2,714.2,722.2
2025-08-26,2025-08-26 09:40:37.500,IO2603-P-5000,718.2,714.2,722.2
2025-08-26,2025-08-26 09:40:51.000,IO2603-P-5000,718.2,714.2,722.2
2025-08-26,2025-08-26 09:40:56.500,IO2603-P-5000,718.2,714.2,722.2
2025-08-26,2025-08-26 09:40:59.500,IO2603-P-5000,718.2,714.2,722.2
2025-08-26,2025-08-26 09:41:01.000,IO2603-P-5000,718.2,714.2,720.8
2025-08-26,2025-08-26 09:41:01.500,IO2603-P-5000,718.2,714.2,721.6
2025-08-26,2025-08-26 09:41:02.000,IO2603-P-5000,718.2,714.2,721.6
2025-08-26,2025-08-26 09:41:02.500,IO2603-P-5000,718.2,714.2,721.6
2025-08-26,2025-08-26 09:41:03.000,IO2603-P-5000,718.2,714.2,721.2
2025-08-26,2025-08-26 09:41:03.500,IO2603-P-5000,718.2,714.2,721.0
2025-08-26,2025-08-26 09:41:04.000,IO2603-P-5000,718.2,714.2,720.0
2025-08-26,2025-08-26 09:41:04.500,IO2603-P-5000,720.0,714.0,722.2
2025-08-26,2025-08-26 09:41:05.000,IO2603-P-5000,720.0,714.0,722.2
2025-08-26,2025-08-26 09:41:06.500,IO2603-P-5000,720.0,714.0,722.2
2025-08-26,2025-08-26 09:41:07.000,IO2603-P-5000,720.0,714.0,722.2
2025-08-26,2025-08-26 09:41:09.500,IO2603-P-5000,720.0,714.0,722.4
2025-08-26,2025-08-26 09:41:10.000,IO2603-P-5000,720.0,714.0,722.4
2025-08-26,2025-08-26 09:41:10.500,IO2603-P-5000,720.0,714.0,722.4
2025-08-26,2025-08-26 09:41:14.000,IO2603-P-5000,720.0,714.0,722.4
2025-08-26,2025-08-26 09:41:14.500,IO2603-P-5000,720.0,714.0,722.4
2025-08-26,2025-08-26 09:41:16.500,IO2603-P-5000,720.0,714.0,722.0
2025-08-26,2025-08-26 09:41:17.000,IO2603-P-5000,720.0,714.0,722.0
2025-08-26,2025-08-26 09:41:29.500,IO2603-P-5000,720.0,714.0,721.6
2025-08-26,2025-08-26 09:41:30.000,IO2603-P-5000,720.0,714.0,721.6
2025-08-26,2025-08-26 09:41:36.000,IO2603-P-5000,720.0,714.0,721.6
2025-08-26,2025-08-26 09:41:44.000,IO2603-P-5000,720.0,714.0,721.6
2025-08-26,2025-08-26 09:41:47.500,IO2603-P-5000,720.0,714.0,721.6
2025-08-26,2025-08-26 09:41:48.000,IO2603-P-5000,720.0,714.0,721.6
2025-08-26,2025-08-26 09:41:48.500,IO2603-P-5000,720.0,714.0,721.6
2025-08-26,2025-08-26 09:41:49.000,IO2603-P-5000,720.0,714.0,721.6
2025-08-26,2025-08-26 09:41:49.500,IO2603-P-5000,720.0,714.0,721.6
2025-08-26,2025-08-26 09:41:58.500,IO2603-P-5000,720.0,714.0,721.6
2025-08-26,2025-08-26 09:41:59.000,IO2603-P-5000,720.0,714.0,721.6
2025-08-26,2025-08-26 09:42:04.500,IO2603-P-5000,720.0,714.0,721.0
2025-08-26,2025-08-26 09:42:05.000,IO2603-P-5000,720.0,714.0,721.0
2025-08-26,2025-08-26 09:42:07.000,IO2603-P-5000,720.0,714.0,721.0
2025-08-26,2025-08-26 09:42:13.500,IO2603-P-5000,720.0,714.0,721.0
2025-08-26,2025-08-26 09:42:17.000,IO2603-P-5000,720.0,714.0,721.0
2025-08-26,2025-08-26 09:42:19.500,IO2603-P-5000,720.0,714.0,721.0
2025-08-26,2025-08-26 09:42:21.000,IO2603-P-5000,720.0,714.0,721.0
2025-08-26,2025-08-26 09:42:24.500,IO2603-P-5000,720.0,714.0,721.0
2025-08-26,2025-08-26 09:42:25.000,IO2603-P-5000,720.0,714.0,721.0
2025-08-26,2025-08-26 09:42:30.500,IO2603-P-5000,720.0,714.0,720.0
2025-08-26,2025-08-26 09:42:31.000,IO2603-P-5000,720.0,714.0,720.0
2025-08-26,2025-08-26 09:42:31.500,IO2603-P-5000,720.0,714.0,720.0
2025-08-26,2025-08-26 09:42:32.000,IO2603-P-5000,720.0,714.0,720.0
2025-08-26,2025-08-26 09:42:33.000,IO2603-P-5000,720.0,714.0,720.0
2025-08-26,2025-08-26 09:42:36.500,IO2603-P-5000,720.0,713.2,719.8
2025-08-26,2025-08-26 09:42:37.000,IO2603-P-5000,720.0,713.2,719.6
2025-08-26,2025-08-26 09:42:37.500,IO2603-P-5000,720.0,713.2,719.6
2025-08-26,2025-08-26 09:42:38.500,IO2603-P-5000,720.0,713.0,719.6
2025-08-26,2025-08-26 09:42:39.000,IO2603-P-5000,720.0,712.4,719.6
2025-08-26,2025-08-26 09:42:39.500,IO2603-P-5000,720.0,712.4,719.6
2025-08-26,2025-08-26 09:42:40.000,IO2603-P-5000,720.0,712.4,719.6
2025-08-26,2025-08-26 09:42:41.000,IO2603-P-5000,720.0,712.4,719.6
2025-08-26,2025-08-26 09:42:50.000,IO2603-P-5000,720.0,712.4,717.2
2025-08-26,2025-08-26 09:42:50.500,IO2603-P-5000,720.0,712.4,717.2
2025-08-26,2025-08-26 09:42:51.000,IO2603-P-5000,720.0,712.4,717.2
2025-08-26,2025-08-26 09:42:51.500,IO2603-P-5000,720.0,712.4,717.2
2025-08-26,2025-08-26 09:43:03.000,IO2603-P-5000,720.0,712.4,717.2
2025-08-26,2025-08-26 09:43:12.500,IO2603-P-5000,720.0,712.4,717.2
2025-08-26,2025-08-26 09:43:13.000,IO2603-P-5000,720.0,712.4,717.2
2025-08-26,2025-08-26 09:43:47.000,IO2603-P-5000,720.0,712.4,717.2
2025-08-26,2025-08-26 09:43:47.500,IO2603-P-5000,720.0,712.4,717.2
2025-08-26,2025-08-26 09:43:48.000,IO2603-P-5000,720.0,712.4,717.2
2025-08-26,2025-08-26 09:43:48.500,IO2603-P-5000,720.0,712.4,717.2
2025-08-26,2025-08-26 09:43:50.000,IO2603-P-5000,720.0,712.4,717.2
2025-08-26,2025-08-26 09:43:50.500,IO2603-P-5000,720.0,712.4,717.2
2025-08-26,2025-08-26 09:43:53.000,IO2603-P-5000,720.0,712.4,717.2
2025-08-26,2025-08-26 09:43:53.500,IO2603-P-5000,720.0,712.4,717.2
2025-08-26,2025-08-26 09:43:58.000,IO2603-P-5000,720.0,712.4,717.2
2025-08-26,2025-08-26 09:43:58.500,IO2603-P-5000,720.0,712.4,717.2
2025-08-26,2025-08-26 09:44:12.000,IO2603-P-5000,720.0,712.4,717.2
2025-08-26,2025-08-26 09:44:12.500,IO2603-P-5000,720.0,712.4,717.2
2025-08-26,2025-08-26 09:44:13.000,IO2603-P-5000,720.0,712.4,717.2
2025-08-26,2025-08-26 09:44:13.500,IO2603-P-5000,720.0,712.4,717.2
2025-08-26,2025-08-26 09:44:17.500,IO2603-P-5000,720.0,712.4,717.2
2025-08-26,2025-08-26 09:44:18.000,IO2603-P-5000,720.0,712.4,717.2
2025-08-26,2025-08-26 09:44:33.500,IO2603-P-5000,720.0,712.4,717.2
2025-08-26,2025-08-26 09:44:34.000,IO2603-P-5000,720.0,712.4,717.2
2025-08-26,2025-08-26 09:44:34.500,IO2603-P-5000,720.0,712.4,717.2
2025-08-26,2025-08-26 09:44:41.000,IO2603-P-5000,720.0,712.4,718.4
2025-08-26,2025-08-26 09:44:41.500,IO2603-P-5000,720.0,712.4,718.4
2025-08-26,2025-08-26 09:44:42.500,IO2603-P-5000,720.0,712.4,718.4
2025-08-26,2025-08-26 09:44:45.000,IO2603-P-5000,720.0,712.4,718.6
2025-08-26,2025-08-26 09:44:45.500,IO2603-P-5000,720.0,712.4,718.6
2025-08-26,2025-08-26 09:44:47.000,IO2603-P-5000,720.0,712.4,718.0
2025-08-26,2025-08-26 09:44:47.500,IO2603-P-5000,720.0,712.4,717.8
2025-08-26,2025-08-26 09:44:48.000,IO2603-P-5000,720.0,712.4,717.8
2025-08-26,2025-08-26 09:44:48.500,IO2603-P-5000,720.0,712.4,717.8
2025-08-26,2025-08-26 09:44:49.000,IO2603-P-5000,720.0,712.4,717.8
2025-08-26,2025-08-26 09:45:00.500,IO2603-P-5000,720.0,712.4,717.8
2025-08-26,2025-08-26 09:45:01.000,IO2603-P-5000,720.0,712.4,717.8
2025-08-26,2025-08-26 09:45:07.000,IO2603-P-5000,720.0,712.4,717.8
2025-08-26,2025-08-26 09:45:07.500,IO2603-P-5000,720.0,712.4,717.8
2025-08-26,2025-08-26 09:45:11.500,IO2603-P-5000,720.0,712.4,717.8
2025-08-26,2025-08-26 09:45:12.500,IO2603-P-5000,720.0,712.4,717.8
2025-08-26,2025-08-26 09:45:16.000,IO2603-P-5000,720.0,712.4,717.8
2025-08-26,2025-08-26 09:45:16.500,IO2603-P-5000,720.0,712.4,717.8
2025-08-26,2025-08-26 09:45:17.000,IO2603-P-5000,720.0,712.4,717.8
2025-08-26,2025-08-26 09:45:18.000,IO2603-P-5000,720.0,712.4,717.8
2025-08-26,2025-08-26 09:45:18.500,IO2603-P-5000,720.0,712.4,717.8
2025-08-26,2025-08-26 09:45:19.000,IO2603-P-5000,720.0,712.4,717.8
2025-08-26,2025-08-26 09:45:25.500,IO2603-P-5000,720.0,712.4,718.6
2025-08-26,2025-08-26 09:45:26.000,IO2603-P-5000,720.0,712.4,718.8
2025-08-26,2025-08-26 09:45:26.500,IO2603-P-5000,720.0,712.4,718.8
2025-08-26,2025-08-26 09:45:27.000,IO2603-P-5000,720.0,712.4,718.8
2025-08-26,2025-08-26 09:45:28.000,IO2603-P-5000,720.0,712.8,718.8
2025-08-26,2025-08-26 09:45:28.500,IO2603-P-5000,720.0,712.8,718.8
2025-08-26,2025-08-26 09:45:29.500,IO2603-P-5000,720.0,713.2,719.0
2025-08-26,2025-08-26 09:45:30.000,IO2603-P-5000,720.0,713.2,719.4
2025-08-26,2025-08-26 09:45:30.500,IO2603-P-5000,720.0,713.2,719.4
2025-08-26,2025-08-26 09:45:31.000,IO2603-P-5000,720.0,713.2,719.4
2025-08-26,2025-08-26 09:45:32.000,IO2603-P-5000,720.0,713.4,719.4
2025-08-26,2025-08-26 09:45:32.500,IO2603-P-5000,720.0,713.4,719.4
2025-08-26,2025-08-26 09:45:34.500,IO2603-P-5000,720.0,713.4,719.6
2025-08-26,2025-08-26 09:45:35.000,IO2603-P-5000,720.0,713.4,719.6
2025-08-26,2025-08-26 09:45:35.500,IO2603-P-5000,720.0,713.4,719.6
2025-08-26,2025-08-26 09:45:36.000,IO2603-P-5000,720.0,713.4,719.6
2025-08-26,2025-08-26 09:45:36.500,IO2603-P-5000,720.0,713.4,720.0
2025-08-26,2025-08-26 09:45:37.000,IO2603-P-5000,720.0,713.4,720.0
2025-08-26,2025-08-26 09:45:37.500,IO2603-P-5000,720.0,713.4,720.2
2025-08-26,2025-08-26 09:45:38.000,IO2603-P-5000,720.0,713.4,720.2
2025-08-26,2025-08-26 09:45:38.500,IO2603-P-5000,720.0,713.4,720.2
2025-08-26,2025-08-26 09:45:40.500,IO2603-P-5000,720.0,713.4,720.4
2025-08-26,2025-08-26 09:45:41.000,IO2603-P-5000,720.0,713.4,720.4
2025-08-26,2025-08-26 09:45:42.500,IO2603-P-5000,720.0,713.4,720.4
2025-08-26,2025-08-26 09:45:43.000,IO2603-P-5000,720.0,713.4,720.4
2025-08-26,2025-08-26 09:45:43.500,IO2603-P-5000,720.0,713.4,720.4
2025-08-26,2025-08-26 09:45:44.000,IO2603-P-5000,720.0,713.4,720.4
2025-08-26,2025-08-26 09:45:45.500,IO2603-P-5000,720.0,713.4,720.4
2025-08-26,2025-08-26 09:45:46.000,IO2603-P-5000,720.0,713.4,719.6
2025-08-26,2025-08-26 09:45:46.500,IO2603-P-5000,720.0,713.4,719.6
2025-08-26,2025-08-26 09:45:48.000,IO2603-P-5000,720.0,712.6,719.6
2025-08-26,2025-08-26 09:45:50.000,IO2603-P-5000,720.0,712.6,719.6
2025-08-26,2025-08-26 09:45:54.000,IO2603-P-5000,720.0,712.6,719.6
2025-08-26,2025-08-26 09:46:00.000,IO2603-P-5000,720.0,712.4,719.6
2025-08-26,2025-08-26 09:46:00.500,IO2603-P-5000,720.0,712.4,719.6
2025-08-26,2025-08-26 09:46:01.000,IO2603-P-5000,720.0,712.4,719.6
2025-08-26,2025-08-26 09:46:02.000,IO2603-P-5000,720.0,712.4,719.6
2025-08-26,2025-08-26 09:46:02.500,IO2603-P-5000,720.0,712.4,719.6
2025-08-26,2025-08-26 09:46:03.000,IO2603-P-5000,720.0,712.4,719.6
2025-08-26,2025-08-26 09:46:03.500,IO2603-P-5000,720.0,712.4,718.2
2025-08-26,2025-08-26 09:46:04.000,IO2603-P-5000,720.0,712.4,718.2
2025-08-26,2025-08-26 09:46:04.500,IO2603-P-5000,720.0,712.4,718.2
2025-08-26,2025-08-26 09:46:05.000,IO2603-P-5000,720.0,712.4,718.2
2025-08-26,2025-08-26 09:46:21.000,IO2603-P-5000,720.0,712.4,718.2
2025-08-26,2025-08-26 09:46:23.500,IO2603-P-5000,720.0,712.4,718.2
2025-08-26,2025-08-26 09:46:25.500,IO2603-P-5000,720.0,712.4,716.0
2025-08-26,2025-08-26 09:46:26.000,IO2603-P-5000,720.0,712.4,716.0
2025-08-26,2025-08-26 09:46:26.500,IO2603-P-5000,720.0,712.4,716.0
2025-08-26,2025-08-26 09:46:28.500,IO2603-P-5000,720.0,712.4,716.0
2025-08-26,2025-08-26 09:46:29.000,IO2603-P-5000,720.0,712.4,716.0
2025-08-26,2025-08-26 09:46:29.500,IO2603-P-5000,720.0,710.4,716.0
2025-08-26,2025-08-26 09:46:30.000,IO2603-P-5000,720.0,710.2,716.0
2025-08-26,2025-08-26 09:46:30.500,IO2603-P-5000,720.0,710.2,716.0
2025-08-26,2025-08-26 09:46:32.000,IO2603-P-5000,720.0,710.2,716.0
2025-08-26,2025-08-26 09:46:32.500,IO2603-P-5000,720.0,710.2,716.0
2025-08-26,2025-08-26 09:46:33.000,IO2603-P-5000,720.0,710.2,716.0
2025-08-26,2025-08-26 09:46:36.000,IO2603-P-5000,720.0,710.2,716.0
2025-08-26,2025-08-26 09:46:38.000,IO2603-P-5000,720.0,710.2,716.0
2025-08-26,2025-08-26 09:46:40.500,IO2603-P-5000,720.0,710.8,716.0
2025-08-26,2025-08-26 09:46:41.000,IO2603-P-5000,720.0,710.8,716.0
2025-08-26,2025-08-26 09:46:41.500,IO2603-P-5000,720.0,710.8,716.0
2025-08-26,2025-08-26 09:46:42.000,IO2603-P-5000,720.0,710.8,716.0
2025-08-26,2025-08-26 09:46:44.000,IO2603-P-5000,720.0,710.2,716.0
2025-08-26,2025-08-26 09:46:44.500,IO2603-P-5000,720.0,710.2,716.0
2025-08-26,2025-08-26 09:46:45.000,IO2603-P-5000,720.0,710.2,716.0
2025-08-26,2025-08-26 09:46:45.500,IO2603-P-5000,720.0,710.2,716.0
2025-08-26,2025-08-26 09:46:46.000,IO2603-P-5000,720.0,710.2,716.0
2025-08-26,2025-08-26 09:46:46.500,IO2603-P-5000,720.0,710.2,716.0
2025-08-26,2025-08-26 09:47:00.500,IO2603-P-5000,720.0,710.2,716.0
2025-08-26,2025-08-26 09:47:03.500,IO2603-P-5000,720.0,709.2,716.0
2025-08-26,2025-08-26 09:47:04.000,IO2603-P-5000,720.0,710.4,716.0
2025-08-26,2025-08-26 09:47:04.500,IO2603-P-5000,720.0,710.4,716.0
2025-08-26,2025-08-26 09:47:09.500,IO2603-P-5000,720.0,709.2,716.0
2025-08-26,2025-08-26 09:47:10.000,IO2603-P-5000,720.0,709.2,716.0
2025-08-26,2025-08-26 09:47:15.000,IO2603-P-5000,720.0,710.4,716.0
2025-08-26,2025-08-26 09:47:15.500,IO2603-P-5000,720.0,710.4,716.0
2025-08-26,2025-08-26 09:47:18.000,IO2603-P-5000,720.0,709.2,716.0
2025-08-26,2025-08-26 09:47:18.500,IO2603-P-5000,720.0,709.2,716.0
2025-08-26,2025-08-26 09:47:19.500,IO2603-P-5000,720.0,709.2,715.4
2025-08-26,2025-08-26 09:47:20.000,IO2603-P-5000,720.0,709.2,715.4
2025-08-26,2025-08-26 09:47:20.500,IO2603-P-5000,720.0,709.2,715.4
2025-08-26,2025-08-26 09:47:21.000,IO2603-P-5000,720.0,709.2,715.4
2025-08-26,2025-08-26 09:47:21.500,IO2603-P-5000,720.0,709.2,715.4
2025-08-26,2025-08-26 09:47:22.000,IO2603-P-5000,720.0,709.2,715.4
2025-08-26,2025-08-26 09:47:22.500,IO2603-P-5000,720.0,709.2,715.4
2025-08-26,2025-08-26 09:47:24.500,IO2603-P-5000,720.0,709.2,714.4
2025-08-26,2025-08-26 09:47:25.000,IO2603-P-5000,720.0,709.2,714.4
2025-08-26,2025-08-26 09:47:25.500,IO2603-P-5000,720.0,709.2,714.4
2025-08-26,2025-08-26 09:47:26.000,IO2603-P-5000,720.0,709.2,714.4
2025-08-26,2025-08-26 09:47:30.500,IO2603-P-5000,720.0,709.2,714.4
2025-08-26,2025-08-26 09:47:31.500,IO2603-P-5000,720.0,709.2,714.4
2025-08-26,2025-08-26 09:47:37.500,IO2603-P-5000,720.0,709.2,714.4
2025-08-26,2025-08-26 09:47:41.500,IO2603-P-5000,720.0,709.2,714.4
2025-08-26,2025-08-26 09:47:44.000,IO2603-P-5000,720.0,709.4,714.4
2025-08-26,2025-08-26 09:47:45.000,IO2603-P-5000,720.0,709.6,714.4
2025-08-26,2025-08-26 09:47:45.500,IO2603-P-5000,720.0,709.6,714.4
2025-08-26,2025-08-26 09:47:50.000,IO2603-P-5000,720.0,709.8,714.4
2025-08-26,2025-08-26 09:47:50.500,IO2603-P-5000,720.0,709.8,714.4
2025-08-26,2025-08-26 09:47:51.000,IO2603-P-5000,720.0,709.8,714.4
2025-08-26,2025-08-26 09:47:51.500,IO2603-P-5000,720.0,709.8,715.8
2025-08-26,2025-08-26 09:47:52.000,IO2603-P-5000,720.0,709.8,716.0
2025-08-26,2025-08-26 09:47:52.500,IO2603-P-5000,720.0,710.0,716.4
2025-08-26,2025-08-26 09:47:53.000,IO2603-P-5000,720.0,710.0,716.4
2025-08-26,2025-08-26 09:47:53.500,IO2603-P-5000,720.0,710.0,716.4
2025-08-26,2025-08-26 09:47:54.500,IO2603-P-5000,720.0,710.0,716.8
2025-08-26,2025-08-26 09:47:55.000,IO2603-P-5000,720.0,710.0,716.8
2025-08-26,2025-08-26 09:47:57.000,IO2603-P-5000,720.0,710.0,717.4
2025-08-26,2025-08-26 09:47:57.500,IO2603-P-5000,720.0,710.0,717.2
2025-08-26,2025-08-26 09:47:58.000,IO2603-P-5000,720.0,710.0,717.2
2025-08-26,2025-08-26 09:48:02.500,IO2603-P-5000,720.0,710.0,717.2
2025-08-26,2025-08-26 09:48:03.000,IO2603-P-5000,720.0,710.0,717.2
2025-08-26,2025-08-26 09:48:08.000,IO2603-P-5000,720.0,710.0,717.2
2025-08-26,2025-08-26 09:48:11.500,IO2603-P-5000,720.0,710.0,717.2
2025-08-26,2025-08-26 09:48:12.000,IO2603-P-5000,720.0,710.0,717.2
2025-08-26,2025-08-26 09:48:47.500,IO2603-P-5000,720.0,710.0,717.2
2025-08-26,2025-08-26 09:48:55.500,IO2603-P-5000,720.0,710.0,717.2
2025-08-26,2025-08-26 09:49:00.500,IO2603-P-5000,720.0,710.0,717.2
2025-08-26,2025-08-26 09:49:01.000,IO2603-P-5000,720.0,710.0,717.2
2025-08-26,2025-08-26 09:49:11.000,IO2603-P-5000,720.0,710.0,717.2
2025-08-26,2025-08-26 09:49:12.000,IO2603-P-5000,720.0,710.0,717.2
2025-08-26,2025-08-26 09:49:13.500,IO2603-P-5000,720.0,710.0,717.2
2025-08-26,2025-08-26 09:49:14.000,IO2603-P-5000,720.0,710.0,717.2
2025-08-26,2025-08-26 09:49:40.000,IO2603-P-5000,720.0,711.4,717.2
2025-08-26,2025-08-26 09:49:40.500,IO2603-P-5000,720.0,711.4,717.2
2025-08-26,2025-08-26 09:49:46.000,IO2603-P-5000,720.0,711.4,717.2
2025-08-26,2025-08-26 09:49:46.500,IO2603-P-5000,720.0,711.6,717.2
2025-08-26,2025-08-26 09:49:47.000,IO2603-P-5000,720.0,711.6,717.2
2025-08-26,2025-08-26 09:49:48.000,IO2603-P-5000,720.0,711.6,717.2
2025-08-26,2025-08-26 09:49:48.500,IO2603-P-5000,720.0,711.6,717.2
2025-08-26,2025-08-26 09:49:56.000,IO2603-P-5000,720.0,711.6,717.2
2025-08-26,2025-08-26 09:50:04.000,IO2603-P-5000,720.0,710.2,717.2
2025-08-26,2025-08-26 09:50:04.500,IO2603-P-5000,720.0,710.2,717.2
2025-08-26,2025-08-26 09:50:30.500,IO2603-P-5000,720.0,710.2,717.2
2025-08-26,2025-08-26 09:50:32.500,IO2603-P-5000,720.0,710.2,717.2
2025-08-26,2025-08-26 09:50:38.500,IO2603-P-5000,720.0,711.6,717.2
2025-08-26,2025-08-26 09:50:39.000,IO2603-P-5000,720.0,711.6,717.2
2025-08-26,2025-08-26 09:50:39.500,IO2603-P-5000,720.0,711.6,717.2
2025-08-26,2025-08-26 09:50:53.500,IO2603-P-5000,720.0,711.6,717.2
2025-08-26,2025-08-26 09:50:54.000,IO2603-P-5000,720.0,711.8,717.2
2025-08-26,2025-08-26 09:50:54.500,IO2603-P-5000,720.0,711.8,717.2
2025-08-26,2025-08-26 09:51:10.000,IO2603-P-5000,720.0,711.8,717.2
2025-08-26,2025-08-26 09:51:11.000,IO2603-P-5000,720.0,711.8,717.2
2025-08-26,2025-08-26 09:51:18.000,IO2603-P-5000,720.0,711.8,717.2
2025-08-26,2025-08-26 09:51:18.500,IO2603-P-5000,720.0,711.8,717.2
2025-08-26,2025-08-26 09:51:19.000,IO2603-P-5000,720.0,711.8,717.2
2025-08-26,2025-08-26 09:51:38.000,IO2603-P-5000,720.0,710.4,717.2
2025-08-26,2025-08-26 09:51:38.500,IO2603-P-5000,720.0,710.4,717.2
2025-08-26,2025-08-26 09:51:40.000,IO2603-P-5000,720.0,710.4,717.2
2025-08-26,2025-08-26 09:51:42.000,IO2603-P-5000,720.0,710.4,717.2
2025-08-26,2025-08-26 09:51:59.500,IO2603-P-5000,720.0,710.4,717.2
2025-08-26,2025-08-26 09:52:01.500,IO2603-P-5000,720.0,710.4,716.4
2025-08-26,2025-08-26 09:52:02.000,IO2603-P-5000,720.0,710.4,716.4
2025-08-26,2025-08-26 09:52:03.000,IO2603-P-5000,720.0,710.4,716.4
2025-08-26,2025-08-26 09:52:04.500,IO2603-P-5000,720.0,710.4,716.8
2025-08-26,2025-08-26 09:52:07.500,IO2603-P-5000,720.0,710.4,717.2
2025-08-26,2025-08-26 09:52:08.000,IO2603-P-5000,720.0,710.4,717.2
2025-08-26,2025-08-26 09:52:27.000,IO2603-P-5000,720.0,710.4,716.6
2025-08-26,2025-08-26 09:52:27.500,IO2603-P-5000,720.0,710.4,716.6
2025-08-26,2025-08-26 09:52:28.000,IO2603-P-5000,720.0,710.4,716.6
2025-08-26,2025-08-26 09:52:29.500,IO2603-P-5000,720.0,710.4,716.4
2025-08-26,2025-08-26 09:52:30.000,IO2603-P-5000,720.0,710.4,716.2
2025-08-26,2025-08-26 09:52:31.000,IO2603-P-5000,720.0,710.4,716.2
2025-08-26,2025-08-26 09:52:31.500,IO2603-P-5000,720.0,710.4,716.2
2025-08-26,2025-08-26 09:52:32.000,IO2603-P-5000,720.0,710.4,716.2
2025-08-26,2025-08-26 09:52:33.000,IO2603-P-5000,720.0,710.4,716.2
2025-08-26,2025-08-26 09:52:35.000,IO2603-P-5000,720.0,710.4,716.2
2025-08-26,2025-08-26 09:52:36.000,IO2603-P-5000,720.0,710.4,716.2
2025-08-26,2025-08-26 09:52:36.500,IO2603-P-5000,720.0,710.4,716.2
2025-08-26,2025-08-26 09:52:37.500,IO2603-P-5000,720.0,710.4,716.0
2025-08-26,2025-08-26 09:52:42.500,IO2603-P-5000,720.0,710.4,716.0
2025-08-26,2025-08-26 09:52:51.000,IO2603-P-5000,720.0,710.4,716.0
2025-08-26,2025-08-26 09:53:01.000,IO2603-P-5000,720.0,710.4,716.0
2025-08-26,2025-08-26 09:53:01.500,IO2603-P-5000,720.0,711.0,716.0
2025-08-26,2025-08-26 09:53:02.000,IO2603-P-5000,720.0,711.0,716.0
2025-08-26,2025-08-26 09:53:02.500,IO2603-P-5000,720.0,711.0,716.0
2025-08-26,2025-08-26 09:53:03.000,IO2603-P-5000,720.0,711.0,716.0
2025-08-26,2025-08-26 09:53:06.000,IO2603-P-5000,720.0,710.4,716.0
2025-08-26,2025-08-26 09:53:08.000,IO2603-P-5000,720.0,710.4,716.0
2025-08-26,2025-08-26 09:53:08.500,IO2603-P-5000,720.0,710.4,716.0
2025-08-26,2025-08-26 09:53:09.000,IO2603-P-5000,720.0,710.4,716.0
2025-08-26,2025-08-26 09:53:09.500,IO2603-P-5000,720.0,710.4,716.0
2025-08-26,2025-08-26 09:53:20.000,IO2603-P-5000,720.0,710.4,716.0
2025-08-26,2025-08-26 09:53:20.500,IO2603-P-5000,720.0,710.4,716.0
2025-08-26,2025-08-26 09:53:45.000,IO2603-P-5000,720.0,710.4,716.0
2025-08-26,2025-08-26 09:53:54.000,IO2603-P-5000,720.0,710.4,716.0
2025-08-26,2025-08-26 09:53:57.500,IO2603-P-5000,720.0,710.4,716.0
2025-08-26,2025-08-26 09:54:02.000,IO2603-P-5000,720.0,710.0,716.0
2025-08-26,2025-08-26 09:54:02.500,IO2603-P-5000,720.0,709.8,716.0
2025-08-26,2025-08-26 09:54:03.000,IO2603-P-5000,720.0,709.8,716.0
2025-08-26,2025-08-26 09:54:03.500,IO2603-P-5000,720.0,709.8,716.0
2025-08-26,2025-08-26 09:54:04.000,IO2603-P-5000,720.0,709.8,716.0
2025-08-26,2025-08-26 09:54:04.500,IO2603-P-5000,720.0,709.4,716.0
2025-08-26,2025-08-26 09:54:05.000,IO2603-P-5000,720.0,709.4,716.0
2025-08-26,2025-08-26 09:54:11.000,IO2603-P-5000,720.0,709.4,716.0
2025-08-26,2025-08-26 09:54:11.500,IO2603-P-5000,720.0,709.4,716.0
2025-08-26,2025-08-26 09:54:13.500,IO2603-P-5000,720.0,709.4,716.0
2025-08-26,2025-08-26 09:54:19.000,IO2603-P-5000,720.0,709.4,715.0
2025-08-26,2025-08-26 09:54:19.500,IO2603-P-5000,720.0,709.4,715.0
2025-08-26,2025-08-26 09:54:20.000,IO2603-P-5000,720.0,709.4,715.0
2025-08-26,2025-08-26 09:54:21.000,IO2603-P-5000,720.0,709.4,712.8
2025-08-26,2025-08-26 09:54:21.500,IO2603-P-5000,720.0,709.4,712.8
2025-08-26,2025-08-26 09:54:22.000,IO2603-P-5000,720.0,709.4,712.8
2025-08-26,2025-08-26 09:54:22.500,IO2603-P-5000,720.0,709.4,712.8
2025-08-26,2025-08-26 09:54:25.500,IO2603-P-5000,720.0,709.4,712.8
2025-08-26,2025-08-26 09:54:28.500,IO2603-P-5000,720.0,709.4,712.8
2025-08-26,2025-08-26 09:54:30.500,IO2603-P-5000,720.0,709.4,712.8
2025-08-26,2025-08-26 09:54:33.000,IO2603-P-5000,720.0,709.4,712.8
2025-08-26,2025-08-26 09:54:35.000,IO2603-P-5000,720.0,709.4,712.8
2025-08-26,2025-08-26 09:54:49.500,IO2603-P-5000,720.0,709.4,712.8
2025-08-26,2025-08-26 09:55:06.500,IO2603-P-5000,720.0,709.4,712.8
2025-08-26,2025-08-26 09:55:10.000,IO2603-P-5000,720.0,709.4,712.8
2025-08-26,2025-08-26 09:55:15.000,IO2603-P-5000,720.0,709.4,712.8
2025-08-26,2025-08-26 09:55:16.500,IO2603-P-5000,720.0,708.6,712.8
2025-08-26,2025-08-26 09:55:17.000,IO2603-P-5000,720.0,708.6,712.8
2025-08-26,2025-08-26 09:55:17.500,IO2603-P-5000,720.0,708.6,712.8
2025-08-26,2025-08-26 09:55:18.000,IO2603-P-5000,720.0,708.6,712.8
2025-08-26,2025-08-26 09:55:18.500,IO2603-P-5000,720.0,707.8,712.8
2025-08-26,2025-08-26 09:55:19.000,IO2603-P-5000,720.0,707.4,712.8
2025-08-26,2025-08-26 09:55:19.500,IO2603-P-5000,720.0,707.4,712.8
2025-08-26,2025-08-26 09:55:21.000,IO2603-P-5000,720.0,707.2,712.8
2025-08-26,2025-08-26 09:55:21.500,IO2603-P-5000,720.0,707.2,712.8
2025-08-26,2025-08-26 09:55:22.000,IO2603-P-5000,720.0,707.2,712.8
2025-08-26,2025-08-26 09:55:22.500,IO2603-P-5000,720.0,707.2,712.8
2025-08-26,2025-08-26 09:55:24.000,IO2603-P-5000,720.0,707.2,712.8
2025-08-26,2025-08-26 09:55:24.500,IO2603-P-5000,720.0,707.2,712.8
2025-08-26,2025-08-26 09:55:25.000,IO2603-P-5000,720.0,707.0,712.8
2025-08-26,2025-08-26 09:55:25.500,IO2603-P-5000,720.0,707.0,712.8
2025-08-26,2025-08-26 09:55:26.500,IO2603-P-5000,720.0,707.0,712.8
2025-08-26,2025-08-26 09:55:27.000,IO2603-P-5000,720.0,707.0,712.8
2025-08-26,2025-08-26 09:55:35.500,IO2603-P-5000,720.0,707.0,712.6
2025-08-26,2025-08-26 09:55:36.000,IO2603-P-5000,720.0,707.0,712.6
2025-08-26,2025-08-26 09:55:36.500,IO2603-P-5000,720.0,707.0,710.6
2025-08-26,2025-08-26 09:55:37.000,IO2603-P-5000,720.0,707.0,710.6
2025-08-26,2025-08-26 09:55:37.500,IO2603-P-5000,720.0,707.0,710.6
2025-08-26,2025-08-26 09:55:47.000,IO2603-P-5000,720.0,707.0,710.6
2025-08-26,2025-08-26 09:56:00.000,IO2603-P-5000,720.0,707.0,710.6
2025-08-26,2025-08-26 09:56:00.500,IO2603-P-5000,720.0,707.0,710.6
2025-08-26,2025-08-26 09:56:01.000,IO2603-P-5000,720.0,707.0,710.6
2025-08-26,2025-08-26 09:56:10.500,IO2603-P-5000,720.0,707.0,710.6
2025-08-26,2025-08-26 09:56:15.500,IO2603-P-5000,720.0,707.0,710.6
2025-08-26,2025-08-26 09:56:19.000,IO2603-P-5000,720.0,707.0,710.6
2025-08-26,2025-08-26 09:56:19.500,IO2603-P-5000,720.0,707.0,710.6
2025-08-26,2025-08-26 09:56:20.000,IO2603-P-5000,720.0,707.0,710.6
2025-08-26,2025-08-26 09:56:22.000,IO2603-P-5000,720.0,707.0,710.6
2025-08-26,2025-08-26 09:56:23.500,IO2603-P-5000,720.0,707.0,710.6
2025-08-26,2025-08-26 09:56:36.000,IO2603-P-5000,720.0,707.0,710.6
2025-08-26,2025-08-26 09:56:38.000,IO2603-P-5000,720.0,707.0,710.6
2025-08-26,2025-08-26 09:56:38.500,IO2603-P-5000,720.0,707.0,710.6
2025-08-26,2025-08-26 09:56:50.500,IO2603-P-5000,720.0,707.0,710.6
2025-08-26,2025-08-26 09:56:56.000,IO2603-P-5000,720.0,707.0,710.6
2025-08-26,2025-08-26 09:57:01.000,IO2603-P-5000,720.0,707.0,710.6
2025-08-26,2025-08-26 09:57:01.500,IO2603-P-5000,720.0,707.0,710.6
2025-08-26,2025-08-26 09:57:07.500,IO2603-P-5000,720.0,707.0,710.6
2025-08-26,2025-08-26 09:57:11.000,IO2603-P-5000,720.0,707.0,710.6
2025-08-26,2025-08-26 09:57:11.500,IO2603-P-5000,720.0,707.0,710.6
2025-08-26,2025-08-26 09:57:16.500,IO2603-P-5000,720.0,707.0,710.6
2025-08-26,2025-08-26 09:57:46.000,IO2603-P-5000,720.0,706.8,710.6
2025-08-26,2025-08-26 09:57:46.500,IO2603-P-5000,720.0,706.8,712.8
2025-08-26,2025-08-26 09:57:47.000,IO2603-P-5000,720.0,706.8,712.8
2025-08-26,2025-08-26 09:57:47.500,IO2603-P-5000,720.0,706.8,712.8
2025-08-26,2025-08-26 09:57:48.500,IO2603-P-5000,720.0,706.8,712.8
2025-08-26,2025-08-26 09:57:50.500,IO2603-P-5000,720.0,706.8,712.8
2025-08-26,2025-08-26 09:57:51.000,IO2603-P-5000,720.0,707.4,712.8
2025-08-26,2025-08-26 09:57:51.500,IO2603-P-5000,720.0,707.4,712.8
2025-08-26,2025-08-26 09:57:52.000,IO2603-P-5000,720.0,707.4,712.8
2025-08-26,2025-08-26 09:57:53.500,IO2603-P-5000,720.0,707.4,712.8
2025-08-26,2025-08-26 09:57:59.000,IO2603-P-5000,720.0,707.4,712.8
2025-08-26,2025-08-26 09:57:59.500,IO2603-P-5000,720.0,707.4,712.8
2025-08-26,2025-08-26 09:58:00.000,IO2603-P-5000,720.0,707.4,712.8
2025-08-26,2025-08-26 09:58:08.500,IO2603-P-5000,720.0,707.4,713.0
2025-08-26,2025-08-26 09:58:09.500,IO2603-P-5000,720.0,707.4,713.0
2025-08-26,2025-08-26 09:58:10.000,IO2603-P-5000,720.0,707.4,713.0
2025-08-26,2025-08-26 09:58:10.500,IO2603-P-5000,720.0,707.4,713.6
2025-08-26,2025-08-26 09:58:11.000,IO2603-P-5000,720.0,707.4,713.6
2025-08-26,2025-08-26 09:58:15.500,IO2603-P-5000,720.0,707.6,713.6
2025-08-26,2025-08-26 09:58:16.000,IO2603-P-5000,720.0,707.6,714.0
2025-08-26,2025-08-26 09:58:16.500,IO2603-P-5000,720.0,707.6,714.0
2025-08-26,2025-08-26 09:58:17.000,IO2603-P-5000,720.0,707.6,714.0
2025-08-26,2025-08-26 09:58:18.000,IO2603-P-5000,720.0,707.6,714.0
2025-08-26,2025-08-26 09:58:18.500,IO2603-P-5000,720.0,707.6,714.0
2025-08-26,2025-08-26 09:58:19.500,IO2603-P-5000,720.0,707.6,714.0
2025-08-26,2025-08-26 09:58:23.000,IO2603-P-5000,720.0,707.6,714.0
2025-08-26,2025-08-26 09:58:23.500,IO2603-P-5000,720.0,707.6,714.2
2025-08-26,2025-08-26 09:58:24.000,IO2603-P-5000,720.0,707.6,714.2
2025-08-26,2025-08-26 09:58:24.500,IO2603-P-5000,720.0,707.6,714.2
2025-08-26,2025-08-26 09:58:27.500,IO2603-P-5000,720.0,707.6,714.2
2025-08-26,2025-08-26 09:58:28.500,IO2603-P-5000,720.0,707.6,714.2
2025-08-26,2025-08-26 09:58:29.000,IO2603-P-5000,720.0,707.6,714.2
2025-08-26,2025-08-26 09:58:31.500,IO2603-P-5000,720.0,707.6,714.0
2025-08-26,2025-08-26 09:58:32.500,IO2603-P-5000,720.0,707.6,714.0
2025-08-26,2025-08-26 09:58:33.000,IO2603-P-5000,720.0,707.6,713.6
2025-08-26,2025-08-26 09:58:33.500,IO2603-P-5000,720.0,707.6,713.6
2025-08-26,2025-08-26 09:58:34.000,IO2603-P-5000,720.0,707.6,713.6
2025-08-26,2025-08-26 09:58:34.500,IO2603-P-5000,720.0,707.6,713.6
2025-08-26,2025-08-26 09:58:35.000,IO2603-P-5000,720.0,707.6,713.4
2025-08-26,2025-08-26 09:58:35.500,IO2603-P-5000,720.0,707.6,713.4
2025-08-26,2025-08-26 09:58:38.000,IO2603-P-5000,720.0,707.6,713.4
2025-08-26,2025-08-26 09:58:39.000,IO2603-P-5000,720.0,707.0,713.4
2025-08-26,2025-08-26 09:58:48.500,IO2603-P-5000,720.0,707.0,713.4
2025-08-26,2025-08-26 09:58:51.000,IO2603-P-5000,720.0,707.0,713.4
2025-08-26,2025-08-26 09:58:54.500,IO2603-P-5000,720.0,707.0,713.4
2025-08-26,2025-08-26 09:58:55.000,IO2603-P-5000,720.0,707.0,713.4
2025-08-26,2025-08-26 09:58:56.500,IO2603-P-5000,720.0,707.0,713.4
2025-08-26,2025-08-26 09:59:01.500,IO2603-P-5000,720.0,707.8,713.4
2025-08-26,2025-08-26 09:59:02.000,IO2603-P-5000,720.0,707.8,714.0
2025-08-26,2025-08-26 09:59:02.500,IO2603-P-5000,720.0,707.8,714.2
2025-08-26,2025-08-26 09:59:03.000,IO2603-P-5000,720.0,708.0,714.2
2025-08-26,2025-08-26 09:59:03.500,IO2603-P-5000,720.0,708.0,714.2
2025-08-26,2025-08-26 09:59:04.000,IO2603-P-5000,720.0,708.0,714.2
2025-08-26,2025-08-26 09:59:04.500,IO2603-P-5000,720.0,708.0,714.2
2025-08-26,2025-08-26 09:59:05.000,IO2603-P-5000,720.0,708.0,714.2
2025-08-26,2025-08-26 09:59:05.500,IO2603-P-5000,720.0,708.0,714.4
2025-08-26,2025-08-26 09:59:06.000,IO2603-P-5000,720.0,708.0,714.8
2025-08-26,2025-08-26 09:59:06.500,IO2603-P-5000,720.0,708.0,715.0
2025-08-26,2025-08-26 09:59:07.000,IO2603-P-5000,720.0,708.0,715.0
2025-08-26,2025-08-26 09:59:07.500,IO2603-P-5000,720.0,708.0,715.0
2025-08-26,2025-08-26 09:59:08.000,IO2603-P-5000,720.0,708.0,715.0
2025-08-26,2025-08-26 09:59:08.500,IO2603-P-5000,720.0,708.0,715.0
2025-08-26,2025-08-26 09:59:09.000,IO2603-P-5000,720.0,708.0,715.0
2025-08-26,2025-08-26 09:59:13.500,IO2603-P-5000,720.0,708.0,715.0
2025-08-26,2025-08-26 09:59:14.000,IO2603-P-5000,720.0,708.0,715.0
2025-08-26,2025-08-26 09:59:15.500,IO2603-P-5000,720.0,708.6,715.2
2025-08-26,2025-08-26 09:59:16.000,IO2603-P-5000,720.0,708.6,715.2
2025-08-26,2025-08-26 09:59:16.500,IO2603-P-5000,720.0,708.6,715.2
2025-08-26,2025-08-26 09:59:18.500,IO2603-P-5000,720.0,708.6,715.2
2025-08-26,2025-08-26 09:59:20.500,IO2603-P-5000,720.0,708.6,715.2
2025-08-26,2025-08-26 09:59:22.000,IO2603-P-5000,720.0,708.6,715.2
2025-08-26,2025-08-26 09:59:22.500,IO2603-P-5000,720.0,708.6,715.2
2025-08-26,2025-08-26 09:59:23.000,IO2603-P-5000,720.0,708.6,715.2
2025-08-26,2025-08-26 09:59:24.500,IO2603-P-5000,720.0,708.6,715.2
2025-08-26,2025-08-26 09:59:25.000,IO2603-P-5000,720.0,708.6,715.2
2025-08-26,2025-08-26 09:59:25.500,IO2603-P-5000,720.0,708.6,715.2
2025-08-26,2025-08-26 09:59:26.500,IO2603-P-5000,720.0,708.6,715.2
2025-08-26,2025-08-26 09:59:27.000,IO2603-P-5000,720.0,708.6,715.2
2025-08-26,2025-08-26 09:59:27.500,IO2603-P-5000,720.0,708.6,715.2
2025-08-26,2025-08-26 09:59:28.500,IO2603-P-5000,720.0,708.6,715.2
2025-08-26,2025-08-26 09:59:29.000,IO2603-P-5000,720.0,708.6,715.2
2025-08-26,2025-08-26 09:59:35.000,IO2603-P-5000,720.0,708.6,715.2
2025-08-26,2025-08-26 09:59:38.500,IO2603-P-5000,720.0,708.6,715.2
2025-08-26,2025-08-26 09:59:42.000,IO2603-P-5000,720.0,708.6,715.2
2025-08-26,2025-08-26 09:59:42.500,IO2603-P-5000,720.0,708.6,715.2
2025-08-26,2025-08-26 09:59:43.000,IO2603-P-5000,720.0,708.6,715.2
2025-08-26,2025-08-26 09:59:47.500,IO2603-P-5000,720.0,708.6,715.2
2025-08-26,2025-08-26 09:59:48.000,IO2603-P-5000,720.0,709.0,715.2
2025-08-26,2025-08-26 09:59:48.500,IO2603-P-5000,720.0,709.0,715.2
2025-08-26,2025-08-26 09:59:54.500,IO2603-P-5000,720.0,709.0,715.4
2025-08-26,2025-08-26 09:59:55.000,IO2603-P-5000,720.0,709.0,715.4
2025-08-26,2025-08-26 09:59:57.500,IO2603-P-5000,720.0,707.6,715.4
2025-08-26,2025-08-26 09:59:58.000,IO2603-P-5000,720.0,707.6,715.4
2025-08-26,2025-08-26 10:00:01.000,IO2603-P-5000,720.0,707.6,715.4
2025-08-26,2025-08-26 10:00:01.500,IO2603-P-5000,720.0,707.6,715.4
2025-08-26,2025-08-26 10:00:02.000,IO2603-P-5000,720.0,707.6,715.4
2025-08-26,2025-08-26 10:00:02.500,IO2603-P-5000,720.0,707.6,715.4
2025-08-26,2025-08-26 10:00:07.000,IO2603-P-5000,720.0,709.0,715.4
2025-08-26,2025-08-26 10:00:07.500,IO2603-P-5000,720.0,709.0,715.4
2025-08-26,2025-08-26 10:00:08.500,IO2603-P-5000,720.0,709.0,715.4
2025-08-26,2025-08-26 10:00:14.000,IO2603-P-5000,720.0,707.6,715.2
2025-08-26,2025-08-26 10:00:14.500,IO2603-P-5000,720.0,707.6,715.2
2025-08-26,2025-08-26 10:00:15.000,IO2603-P-5000,720.0,707.6,715.2
2025-08-26,2025-08-26 10:00:15.500,IO2603-P-5000,720.0,707.6,715.2
2025-08-26,2025-08-26 10:00:16.500,IO2603-P-5000,720.0,707.6,715.2
2025-08-26,2025-08-26 10:00:17.000,IO2603-P-5000,720.0,707.6,715.2
2025-08-26,2025-08-26 10:00:17.500,IO2603-P-5000,720.0,707.6,715.2
2025-08-26,2025-08-26 10:00:18.000,IO2603-P-5000,720.0,707.6,715.2
2025-08-26,2025-08-26 10:00:26.000,IO2603-P-5000,720.0,707.6,715.2
2025-08-26,2025-08-26 10:00:26.500,IO2603-P-5000,720.0,707.6,715.2
2025-08-26,2025-08-26 10:00:27.000,IO2603-P-5000,720.0,707.6,715.2
2025-08-26,2025-08-26 10:00:27.500,IO2603-P-5000,720.0,707.6,714.6
2025-08-26,2025-08-26 10:00:28.000,IO2603-P-5000,720.0,707.6,714.6
2025-08-26,2025-08-26 10:00:29.500,IO2603-P-5000,720.0,707.6,714.6
2025-08-26,2025-08-26 10:00:30.000,IO2603-P-5000,720.0,707.8,714.6
2025-08-26,2025-08-26 10:00:30.500,IO2603-P-5000,720.0,707.8,714.6
2025-08-26,2025-08-26 10:00:31.000,IO2603-P-5000,720.0,707.8,714.6
2025-08-26,2025-08-26 10:00:31.500,IO2603-P-5000,720.0,707.8,713.8
2025-08-26,2025-08-26 10:00:32.000,IO2603-P-5000,720.0,707.8,713.8
2025-08-26,2025-08-26 10:00:33.000,IO2603-P-5000,720.0,707.8,713.8
2025-08-26,2025-08-26 10:00:35.000,IO2603-P-5000,720.0,707.8,713.8
2025-08-26,2025-08-26 10:00:35.500,IO2603-P-5000,720.0,707.8,713.8
2025-08-26,2025-08-26 10:00:36.000,IO2603-P-5000,720.0,707.8,713.8
2025-08-26,2025-08-26 10:00:36.500,IO2603-P-5000,720.0,707.8,713.8
2025-08-26,2025-08-26 10:00:37.000,IO2603-P-5000,720.0,707.8,713.8
2025-08-26,2025-08-26 10:00:38.500,IO2603-P-5000,720.0,707.8,712.8
2025-08-26,2025-08-26 10:00:39.000,IO2603-P-5000,720.0,707.8,712.8
2025-08-26,2025-08-26 10:00:42.000,IO2603-P-5000,720.0,707.8,712.8
2025-08-26,2025-08-26 10:00:43.000,IO2603-P-5000,720.0,707.8,712.8
2025-08-26,2025-08-26 10:00:43.500,IO2603-P-5000,720.0,707.8,712.8
2025-08-26,2025-08-26 10:01:00.000,IO2603-P-5000,720.0,707.8,713.4
2025-08-26,2025-08-26 10:01:17.500,IO2603-P-5000,720.0,707.8,713.4
2025-08-26,2025-08-26 10:01:18.000,IO2603-P-5000,720.0,707.8,713.4
2025-08-26,2025-08-26 10:01:18.500,IO2603-P-5000,720.0,707.8,713.8
2025-08-26,2025-08-26 10:01:19.000,IO2603-P-5000,720.0,707.8,713.8
2025-08-26,2025-08-26 10:01:20.500,IO2603-P-5000,720.0,707.8,714.2
2025-08-26,2025-08-26 10:01:21.000,IO2603-P-5000,720.0,707.8,714.2
2025-08-26,2025-08-26 10:01:21.500,IO2603-P-5000,720.0,707.8,714.2
2025-08-26,2025-08-26 10:01:23.000,IO2603-P-5000,720.0,707.8,714.6
2025-08-26,2025-08-26 10:01:23.500,IO2603-P-5000,720.0,708.4,714.6
2025-08-26,2025-08-26 10:01:24.000,IO2603-P-5000,720.0,708.4,714.6
2025-08-26,2025-08-26 10:01:25.000,IO2603-P-5000,720.0,708.4,715.0
2025-08-26,2025-08-26 10:01:25.500,IO2603-P-5000,720.0,708.4,715.0
2025-08-26,2025-08-26 10:01:37.500,IO2603-P-5000,720.0,708.4,715.0
2025-08-26,2025-08-26 10:01:44.000,IO2603-P-5000,720.0,708.4,715.0
2025-08-26,2025-08-26 10:01:51.000,IO2603-P-5000,720.0,708.4,715.0
2025-08-26,2025-08-26 10:01:51.500,IO2603-P-5000,720.0,708.4,715.0
2025-08-26,2025-08-26 10:01:55.000,IO2603-P-5000,720.0,708.0,714.8
2025-08-26,2025-08-26 10:01:55.500,IO2603-P-5000,720.0,708.0,714.8
2025-08-26,2025-08-26 10:02:00.500,IO2603-P-5000,720.0,708.0,714.8
2025-08-26,2025-08-26 10:02:01.000,IO2603-P-5000,720.0,708.0,714.0
2025-08-26,2025-08-26 10:02:01.500,IO2603-P-5000,720.0,708.0,713.8
2025-08-26,2025-08-26 10:02:02.000,IO2603-P-5000,720.0,708.0,713.6
2025-08-26,2025-08-26 10:02:11.500,IO2603-P-5000,720.0,708.0,714.6
2025-08-26,2025-08-26 10:02:13.500,IO2603-P-5000,720.0,708.0,715.0
2025-08-26,2025-08-26 10:02:24.000,IO2603-P-5000,720.0,708.0,715.0
2025-08-26,2025-08-26 10:02:31.000,IO2603-P-5000,720.0,708.0,715.0
2025-08-26,2025-08-26 10:02:32.500,IO2603-P-5000,720.0,708.0,715.0
2025-08-26,2025-08-26 10:02:36.500,IO2603-P-5000,720.0,708.0,715.0
2025-08-26,2025-08-26 10:02:38.500,IO2603-P-5000,720.0,708.0,715.0
2025-08-26,2025-08-26 10:02:40.000,IO2603-P-5000,720.0,708.6,715.4
2025-08-26,2025-08-26 10:02:41.000,IO2603-P-5000,720.0,708.6,715.4
2025-08-26,2025-08-26 10:02:42.500,IO2603-P-5000,720.0,708.6,715.4
2025-08-26,2025-08-26 10:02:43.000,IO2603-P-5000,720.0,708.6,715.4
2025-08-26,2025-08-26 10:02:43.500,IO2603-P-5000,720.0,708.6,715.4
2025-08-26,2025-08-26 10:02:44.500,IO2603-P-5000,720.0,708.6,715.4
2025-08-26,2025-08-26 10:02:45.000,IO2603-P-5000,720.0,708.6,715.4
2025-08-26,2025-08-26 10:02:45.500,IO2603-P-5000,720.0,708.6,715.4
2025-08-26,2025-08-26 10:02:46.000,IO2603-P-5000,720.0,708.6,715.4
2025-08-26,2025-08-26 10:02:46.500,IO2603-P-5000,720.0,708.6,715.4
2025-08-26,2025-08-26 10:02:47.000,IO2603-P-5000,720.0,708.6,715.4
2025-08-26,2025-08-26 10:02:47.500,IO2603-P-5000,720.0,708.8,715.4
2025-08-26,2025-08-26 10:02:48.000,IO2603-P-5000,720.0,708.8,715.4
2025-08-26,2025-08-26 10:02:48.500,IO2603-P-5000,720.0,708.8,715.4
2025-08-26,2025-08-26 10:02:50.500,IO2603-P-5000,720.0,708.8,715.2
2025-08-26,2025-08-26 10:02:51.000,IO2603-P-5000,720.0,708.8,715.2
2025-08-26,2025-08-26 10:03:01.000,IO2603-P-5000,720.0,708.8,715.2
2025-08-26,2025-08-26 10:03:01.500,IO2603-P-5000,720.0,708.8,715.2
2025-08-26,2025-08-26 10:03:12.500,IO2603-P-5000,720.0,708.8,715.2
2025-08-26,2025-08-26 10:03:13.500,IO2603-P-5000,720.0,708.8,715.0
2025-08-26,2025-08-26 10:03:14.000,IO2603-P-5000,720.0,708.8,714.6
2025-08-26,2025-08-26 10:03:15.000,IO2603-P-5000,720.0,708.8,714.6
2025-08-26,2025-08-26 10:03:15.500,IO2603-P-5000,720.0,708.8,714.6
2025-08-26,2025-08-26 10:03:26.500,IO2603-P-5000,720.0,708.8,715.2
2025-08-26,2025-08-26 10:03:27.000,IO2603-P-5000,720.0,708.8,715.2
2025-08-26,2025-08-26 10:03:47.000,IO2603-P-5000,720.0,708.8,714.6
2025-08-26,2025-08-26 10:03:49.000,IO2603-P-5000,720.0,708.8,714.6
2025-08-26,2025-08-26 10:03:49.500,IO2603-P-5000,720.0,708.6,714.6
2025-08-26,2025-08-26 10:04:01.000,IO2603-P-5000,720.0,708.6,714.6
2025-08-26,2025-08-26 10:04:02.000,IO2603-P-5000,720.0,708.4,714.4
2025-08-26,2025-08-26 10:04:02.500,IO2603-P-5000,720.0,708.2,713.0
2025-08-26,2025-08-26 10:04:03.000,IO2603-P-5000,720.0,708.0,713.0
2025-08-26,2025-08-26 10:04:03.500,IO2603-P-5000,720.0,707.6,713.0
2025-08-26,2025-08-26 10:04:04.000,IO2603-P-5000,720.0,707.6,713.0
2025-08-26,2025-08-26 10:04:04.500,IO2603-P-5000,720.0,707.6,713.0
2025-08-26,2025-08-26 10:04:05.000,IO2603-P-5000,720.0,707.6,713.0
2025-08-26,2025-08-26 10:04:05.500,IO2603-P-5000,720.0,707.2,712.8
2025-08-26,2025-08-26 10:04:06.000,IO2603-P-5000,720.0,707.2,712.8
2025-08-26,2025-08-26 10:04:06.500,IO2603-P-5000,720.0,707.2,712.8
2025-08-26,2025-08-26 10:04:07.000,IO2603-P-5000,720.0,707.2,712.8
2025-08-26,2025-08-26 10:04:07.500,IO2603-P-5000,720.0,707.2,712.8
2025-08-26,2025-08-26 10:04:08.000,IO2603-P-5000,720.0,707.2,712.8
2025-08-26,2025-08-26 10:04:09.000,IO2603-P-5000,720.0,707.2,712.6
2025-08-26,2025-08-26 10:04:09.500,IO2603-P-5000,720.0,707.2,712.4
2025-08-26,2025-08-26 10:04:10.000,IO2603-P-5000,720.0,707.2,712.4
2025-08-26,2025-08-26 10:04:17.000,IO2603-P-5000,720.0,707.2,712.4
2025-08-26,2025-08-26 10:04:17.500,IO2603-P-5000,720.0,707.0,712.2
2025-08-26,2025-08-26 10:04:18.000,IO2603-P-5000,720.0,707.0,711.4
2025-08-26,2025-08-26 10:04:18.500,IO2603-P-5000,720.0,707.0,711.4
2025-08-26,2025-08-26 10:04:19.000,IO2603-P-5000,720.0,706.6,711.4
2025-08-26,2025-08-26 10:04:19.500,IO2603-P-5000,720.0,705.8,711.4
2025-08-26,2025-08-26 10:04:20.000,IO2603-P-5000,720.0,705.8,711.4
2025-08-26,2025-08-26 10:04:20.500,IO2603-P-5000,720.0,705.8,711.4
2025-08-26,2025-08-26 10:04:21.500,IO2603-P-5000,720.0,705.6,711.4
2025-08-26,2025-08-26 10:04:22.000,IO2603-P-5000,720.0,705.2,711.4
2025-08-26,2025-08-26 10:04:22.500,IO2603-P-5000,720.0,705.2,711.4
2025-08-26,2025-08-26 10:04:23.000,IO2603-P-5000,720.0,705.2,711.4
2025-08-26,2025-08-26 10:04:23.500,IO2603-P-5000,720.0,705.2,711.4
2025-08-26,2025-08-26 10:04:24.000,IO2603-P-5000,720.0,705.0,711.4
2025-08-26,2025-08-26 10:04:31.500,IO2603-P-5000,720.0,705.0,711.4
2025-08-26,2025-08-26 10:04:39.500,IO2603-P-5000,720.0,705.0,711.4
2025-08-26,2025-08-26 10:04:40.000,IO2603-P-5000,720.0,705.0,711.4
2025-08-26,2025-08-26 10:04:40.500,IO2603-P-5000,720.0,705.0,711.4
2025-08-26,2025-08-26 10:04:43.500,IO2603-P-5000,720.0,705.0,711.4
2025-08-26,2025-08-26 10:04:47.500,IO2603-P-5000,720.0,705.0,711.4
2025-08-26,2025-08-26 10:04:48.000,IO2603-P-5000,720.0,705.0,711.4
2025-08-26,2025-08-26 10:04:51.500,IO2603-P-5000,720.0,704.0,711.4
2025-08-26,2025-08-26 10:04:52.000,IO2603-P-5000,720.0,704.0,711.4
2025-08-26,2025-08-26 10:04:52.500,IO2603-P-5000,720.0,704.0,711.4
2025-08-26,2025-08-26 10:04:59.000,IO2603-P-5000,720.0,704.0,711.4
2025-08-26,2025-08-26 10:04:59.500,IO2603-P-5000,720.0,704.0,711.4
2025-08-26,2025-08-26 10:05:00.500,IO2603-P-5000,720.0,704.0,711.4
2025-08-26,2025-08-26 10:05:01.000,IO2603-P-5000,720.0,704.0,711.4
2025-08-26,2025-08-26 10:05:01.500,IO2603-P-5000,720.0,704.0,711.4
2025-08-26,2025-08-26 10:06:03.000,IO2603-P-5000,720.0,704.0,711.4
2025-08-26,2025-08-26 10:06:03.500,IO2603-P-5000,720.0,704.0,711.4
2025-08-26,2025-08-26 10:06:56.000,IO2603-P-5000,720.0,704.0,711.4
2025-08-26,2025-08-26 10:09:11.500,IO2603-P-5000,720.0,705.0,711.6
2025-08-26,2025-08-26 10:09:12.000,IO2603-P-5000,720.0,705.0,711.6
2025-08-26,2025-08-26 10:09:12.500,IO2603-P-5000,720.0,705.0,711.6
2025-08-26,2025-08-26 10:09:20.000,IO2603-P-5000,720.0,704.0,711.4
2025-08-26,2025-08-26 10:09:24.500,IO2603-P-5000,720.0,704.0,711.4
2025-08-26,2025-08-26 10:10:30.500,IO2603-P-5000,720.0,704.0,710.0
2025-08-26,2025-08-26 10:10:31.000,IO2603-P-5000,720.0,704.0,710.0
2025-08-26,2025-08-26 10:10:31.500,IO2603-P-5000,720.0,704.0,710.0
2025-08-26,2025-08-26 10:11:05.500,IO2603-P-5000,720.0,704.0,710.0
2025-08-26,2025-08-26 10:11:06.000,IO2603-P-5000,720.0,704.0,710.0
2025-08-26,2025-08-26 10:11:38.000,IO2603-P-5000,720.0,704.0,711.4
2025-08-26,2025-08-26 10:11:38.500,IO2603-P-5000,720.0,704.0,711.4
2025-08-26,2025-08-26 10:11:42.000,IO2603-P-5000,720.0,704.0,711.4
2025-08-26,2025-08-26 10:11:42.500,IO2603-P-5000,720.0,704.0,711.4
2025-08-26,2025-08-26 10:11:43.500,IO2603-P-5000,720.0,704.0,710.2
2025-08-26,2025-08-26 10:11:44.000,IO2603-P-5000,720.0,704.0,710.2
2025-08-26,2025-08-26 10:11:44.500,IO2603-P-5000,720.0,704.0,710.2
2025-08-26,2025-08-26 10:11:45.000,IO2603-P-5000,720.0,704.0,710.2
2025-08-26,2025-08-26 10:11:45.500,IO2603-P-5000,720.0,704.0,710.2
2025-08-26,2025-08-26 10:11:46.000,IO2603-P-5000,720.0,704.0,710.2
2025-08-26,2025-08-26 10:11:58.500,IO2603-P-5000,720.0,704.0,710.4
2025-08-26,2025-08-26 10:11:59.000,IO2603-P-5000,720.0,704.0,710.4
2025-08-26,2025-08-26 10:11:59.500,IO2603-P-5000,720.0,704.0,710.4
2025-08-26,2025-08-26 10:12:00.000,IO2603-P-5000,720.0,704.0,710.4
2025-08-26,2025-08-26 10:12:26.500,IO2603-P-5000,720.0,704.0,710.2
2025-08-26,2025-08-26 10:12:27.000,IO2603-P-5000,720.0,704.0,710.2
2025-08-26,2025-08-26 10:12:38.500,IO2603-P-5000,720.0,704.0,710.4
2025-08-26,2025-08-26 10:12:39.000,IO2603-P-5000,720.0,704.0,711.4
2025-08-26,2025-08-26 10:12:39.500,IO2603-P-5000,720.0,704.0,711.4
2025-08-26,2025-08-26 10:12:40.000,IO2603-P-5000,720.0,704.0,711.4
2025-08-26,2025-08-26 10:12:41.000,IO2603-P-5000,720.0,704.0,711.6
2025-08-26,2025-08-26 10:12:41.500,IO2603-P-5000,720.0,704.0,711.6
2025-08-26,2025-08-26 10:12:42.000,IO2603-P-5000,720.0,704.0,711.6
2025-08-26,2025-08-26 10:12:42.500,IO2603-P-5000,720.0,704.0,711.6
2025-08-26,2025-08-26 10:12:43.000,IO2603-P-5000,720.0,704.0,711.6
2025-08-26,2025-08-26 10:12:43.500,IO2603-P-5000,720.0,704.0,711.6
2025-08-26,2025-08-26 10:12:51.500,IO2603-P-5000,720.0,704.0,711.6
2025-08-26,2025-08-26 10:13:04.500,IO2603-P-5000,720.0,704.0,711.6
2025-08-26,2025-08-26 10:13:06.500,IO2603-P-5000,720.0,704.0,711.6
2025-08-26,2025-08-26 10:13:08.000,IO2603-P-5000,720.0,705.2,711.8
2025-08-26,2025-08-26 10:13:08.500,IO2603-P-5000,720.0,705.2,711.8
2025-08-26,2025-08-26 10:13:11.500,IO2603-P-5000,720.0,705.2,711.8
2025-08-26,2025-08-26 10:13:14.000,IO2603-P-5000,720.0,705.2,711.8
2025-08-26,2025-08-26 10:13:16.000,IO2603-P-5000,720.0,705.2,712.2
2025-08-26,2025-08-26 10:13:16.500,IO2603-P-5000,720.0,705.2,712.2
2025-08-26,2025-08-26 10:13:17.000,IO2603-P-5000,720.0,705.2,712.2
2025-08-26,2025-08-26 10:13:17.500,IO2603-P-5000,720.0,705.2,712.2
2025-08-26,2025-08-26 10:13:23.000,IO2603-P-5000,720.0,705.2,712.2
2025-08-26,2025-08-26 10:13:24.000,IO2603-P-5000,720.0,705.2,712.2
2025-08-26,2025-08-26 10:13:24.500,IO2603-P-5000,720.0,705.2,712.2
2025-08-26,2025-08-26 10:13:26.000,IO2603-P-5000,720.0,705.2,712.2
2025-08-26,2025-08-26 10:13:26.500,IO2603-P-5000,720.0,705.4,712.2
2025-08-26,2025-08-26 10:13:27.000,IO2603-P-5000,720.0,705.4,712.2
2025-08-26,2025-08-26 10:13:28.000,IO2603-P-5000,720.0,705.6,712.2
2025-08-26,2025-08-26 10:13:28.500,IO2603-P-5000,720.0,705.6,712.2
2025-08-26,2025-08-26 10:13:29.000,IO2603-P-5000,720.0,705.8,712.2
2025-08-26,2025-08-26 10:13:30.000,IO2603-P-5000,720.0,705.8,712.2
2025-08-26,2025-08-26 10:13:31.500,IO2603-P-5000,720.0,705.8,712.2
2025-08-26,2025-08-26 10:13:35.000,IO2603-P-5000,720.0,705.8,712.2
2025-08-26,2025-08-26 10:13:36.000,IO2603-P-5000,720.0,705.8,712.2
2025-08-26,2025-08-26 10:13:39.500,IO2603-P-5000,720.0,705.8,712.8
2025-08-26,2025-08-26 10:13:40.000,IO2603-P-5000,720.0,705.8,712.8
2025-08-26,2025-08-26 10:13:40.500,IO2603-P-5000,720.0,705.8,712.8
2025-08-26,2025-08-26 10:13:57.500,IO2603-P-5000,720.0,705.8,712.8
2025-08-26,2025-08-26 10:14:03.000,IO2603-P-5000,720.0,705.8,712.8
2025-08-26,2025-08-26 10:14:10.500,IO2603-P-5000,720.0,705.8,712.8
2025-08-26,2025-08-26 10:14:11.000,IO2603-P-5000,720.0,705.8,712.8
2025-08-26,2025-08-26 10:14:15.500,IO2603-P-5000,720.0,705.6,712.8
2025-08-26,2025-08-26 10:14:26.000,IO2603-P-5000,720.0,705.6,712.8
2025-08-26,2025-08-26 10:14:26.500,IO2603-P-5000,720.0,705.6,712.8
2025-08-26,2025-08-26 10:14:27.500,IO2603-P-5000,720.0,706.6,712.8
2025-08-26,2025-08-26 10:14:28.000,IO2603-P-5000,720.0,706.6,712.8
2025-08-26,2025-08-26 10:14:28.500,IO2603-P-5000,720.0,706.6,712.8
2025-08-26,2025-08-26 10:14:29.500,IO2603-P-5000,720.0,706.6,712.8
2025-08-26,2025-08-26 10:14:30.000,IO2603-P-5000,720.0,706.6,712.8
2025-08-26,2025-08-26 10:14:33.500,IO2603-P-5000,720.0,706.6,712.8
2025-08-26,2025-08-26 10:14:34.000,IO2603-P-5000,720.0,706.6,712.8
2025-08-26,2025-08-26 10:14:57.500,IO2603-P-5000,720.0,706.6,713.0
2025-08-26,2025-08-26 10:14:58.000,IO2603-P-5000,720.0,706.6,713.2
2025-08-26,2025-08-26 10:14:58.500,IO2603-P-5000,720.0,706.6,713.2
2025-08-26,2025-08-26 10:15:04.500,IO2603-P-5000,720.0,706.8,713.4
2025-08-26,2025-08-26 10:15:05.000,IO2603-P-5000,720.0,706.8,713.4
2025-08-26,2025-08-26 10:15:05.500,IO2603-P-5000,720.0,706.8,713.4
2025-08-26,2025-08-26 10:15:06.000,IO2603-P-5000,720.0,706.8,713.6
2025-08-26,2025-08-26 10:15:06.500,IO2603-P-5000,720.0,706.8,713.6
2025-08-26,2025-08-26 10:15:07.000,IO2603-P-5000,720.0,706.8,713.6
2025-08-26,2025-08-26 10:15:08.000,IO2603-P-5000,720.0,706.8,714.2
2025-08-26,2025-08-26 10:15:08.500,IO2603-P-5000,720.0,706.8,714.2
2025-08-26,2025-08-26 10:15:09.000,IO2603-P-5000,720.0,706.8,714.2
2025-08-26,2025-08-26 10:15:15.500,IO2603-P-5000,720.0,706.8,714.2
2025-08-26,2025-08-26 10:15:19.000,IO2603-P-5000,720.0,706.8,714.2
2025-08-26,2025-08-26 10:15:22.500,IO2603-P-5000,720.0,706.8,714.2
2025-08-26,2025-08-26 10:15:23.000,IO2603-P-5000,720.0,706.8,714.2
2025-08-26,2025-08-26 10:15:23.500,IO2603-P-5000,720.0,706.8,714.2
2025-08-26,2025-08-26 10:15:24.500,IO2603-P-5000,720.0,706.8,714.2
2025-08-26,2025-08-26 10:15:25.000,IO2603-P-5000,720.0,706.8,714.2
2025-08-26,2025-08-26 10:15:27.500,IO2603-P-5000,720.0,706.8,714.2
2025-08-26,2025-08-26 10:15:29.000,IO2603-P-5000,720.0,706.8,714.2
2025-08-26,2025-08-26 10:15:30.500,IO2603-P-5000,720.0,706.8,714.2
2025-08-26,2025-08-26 10:16:00.000,IO2603-P-5000,720.0,706.8,714.2
2025-08-26,2025-08-26 10:16:00.500,IO2603-P-5000,720.0,706.8,714.2
2025-08-26,2025-08-26 10:16:01.000,IO2603-P-5000,720.0,706.8,714.2
2025-08-26,2025-08-26 10:16:03.500,IO2603-P-5000,720.0,706.8,714.2
2025-08-26,2025-08-26 10:16:04.000,IO2603-P-5000,720.0,706.8,714.2
2025-08-26,2025-08-26 10:16:04.500,IO2603-P-5000,720.0,706.8,714.2
2025-08-26,2025-08-26 10:16:10.500,IO2603-P-5000,720.0,706.8,714.2
2025-08-26,2025-08-26 10:16:18.000,IO2603-P-5000,720.0,706.8,714.2
2025-08-26,2025-08-26 10:16:23.500,IO2603-P-5000,720.0,706.8,714.2
2025-08-26,2025-08-26 10:16:31.000,IO2603-P-5000,720.0,706.8,714.2
2025-08-26,2025-08-26 10:16:56.000,IO2603-P-5000,720.0,706.8,714.2
2025-08-26,2025-08-26 10:16:56.500,IO2603-P-5000,720.0,706.8,714.0
2025-08-26,2025-08-26 10:16:57.000,IO2603-P-5000,720.0,707.0,714.0
2025-08-26,2025-08-26 10:16:57.500,IO2603-P-5000,720.0,707.0,714.0
2025-08-26,2025-08-26 10:17:11.000,IO2603-P-5000,720.0,707.0,714.2
2025-08-26,2025-08-26 10:17:11.500,IO2603-P-5000,720.0,707.0,714.2
2025-08-26,2025-08-26 10:17:45.500,IO2603-P-5000,720.0,707.0,714.2
2025-08-26,2025-08-26 10:17:48.500,IO2603-P-5000,720.0,707.0,714.2
2025-08-26,2025-08-26 10:17:49.000,IO2603-P-5000,720.0,707.0,714.2
2025-08-26,2025-08-26 10:17:51.500,IO2603-P-5000,720.0,707.0,714.2
2025-08-26,2025-08-26 10:17:52.500,IO2603-P-5000,720.0,707.0,714.2
2025-08-26,2025-08-26 10:17:54.500,IO2603-P-5000,720.0,707.2,714.2
2025-08-26,2025-08-26 10:17:55.000,IO2603-P-5000,720.0,707.2,714.2
2025-08-26,2025-08-26 10:17:55.500,IO2603-P-5000,720.0,707.2,714.2
2025-08-26,2025-08-26 10:18:01.000,IO2603-P-5000,720.0,707.2,714.2
2025-08-26,2025-08-26 10:18:05.500,IO2603-P-5000,720.0,707.2,714.0
2025-08-26,2025-08-26 10:18:07.000,IO2603-P-5000,720.0,707.2,714.0
2025-08-26,2025-08-26 10:18:19.500,IO2603-P-5000,720.0,707.2,714.2
2025-08-26,2025-08-26 10:18:20.000,IO2603-P-5000,720.0,707.2,714.2
2025-08-26,2025-08-26 10:18:28.500,IO2603-P-5000,720.0,707.2,714.4
2025-08-26,2025-08-26 10:18:29.000,IO2603-P-5000,720.0,707.2,714.4
2025-08-26,2025-08-26 10:18:29.500,IO2603-P-5000,720.0,708.4,714.4
2025-08-26,2025-08-26 10:18:30.000,IO2603-P-5000,720.0,708.4,714.4
2025-08-26,2025-08-26 10:18:30.500,IO2603-P-5000,720.0,708.4,714.6
2025-08-26,2025-08-26 10:18:31.000,IO2603-P-5000,720.0,708.4,714.6
2025-08-26,2025-08-26 10:18:31.500,IO2603-P-5000,720.0,708.4,715.4
2025-08-26,2025-08-26 10:18:32.000,IO2603-P-5000,720.0,708.4,715.4
2025-08-26,2025-08-26 10:18:32.500,IO2603-P-5000,720.0,708.4,715.4
2025-08-26,2025-08-26 10:18:33.500,IO2603-P-5000,720.0,708.4,715.6
2025-08-26,2025-08-26 10:18:34.000,IO2603-P-5000,720.0,708.4,715.6
2025-08-26,2025-08-26 10:18:34.500,IO2603-P-5000,720.0,708.4,715.6
2025-08-26,2025-08-26 10:18:35.000,IO2603-P-5000,720.0,708.4,715.6
2025-08-26,2025-08-26 10:18:36.500,IO2603-P-5000,720.0,708.4,715.6
2025-08-26,2025-08-26 10:18:40.000,IO2603-P-5000,720.0,708.6,715.6
2025-08-26,2025-08-26 10:18:40.500,IO2603-P-5000,720.0,708.6,715.6
2025-08-26,2025-08-26 10:18:44.500,IO2603-P-5000,720.0,708.6,716.0
2025-08-26,2025-08-26 10:18:45.000,IO2603-P-5000,720.0,708.8,716.0
2025-08-26,2025-08-26 10:18:45.500,IO2603-P-5000,720.0,708.8,716.0
2025-08-26,2025-08-26 10:18:46.000,IO2603-P-5000,720.0,708.8,716.0
2025-08-26,2025-08-26 10:18:46.500,IO2603-P-5000,720.0,708.8,716.0
2025-08-26,2025-08-26 10:18:48.500,IO2603-P-5000,720.0,708.8,716.0
2025-08-26,2025-08-26 10:18:54.500,IO2603-P-5000,720.0,708.8,716.0
2025-08-26,2025-08-26 10:18:55.000,IO2603-P-5000,720.0,708.8,716.0
2025-08-26,2025-08-26 10:19:01.000,IO2603-P-5000,720.0,708.8,716.0
2025-08-26,2025-08-26 10:19:07.000,IO2603-P-5000,720.0,708.8,716.0
2025-08-26,2025-08-26 10:19:07.500,IO2603-P-5000,720.0,709.0,716.0
2025-08-26,2025-08-26 10:19:08.000,IO2603-P-5000,720.0,709.0,716.0
2025-08-26,2025-08-26 10:19:28.000,IO2603-P-5000,720.0,709.0,716.0
2025-08-26,2025-08-26 10:19:28.500,IO2603-P-5000,720.0,709.0,716.0
2025-08-26,2025-08-26 10:19:29.000,IO2603-P-5000,720.0,709.0,716.0
2025-08-26,2025-08-26 10:19:30.000,IO2603-P-5000,720.0,709.0,714.8
2025-08-26,2025-08-26 10:19:30.500,IO2603-P-5000,720.0,709.0,714.8
2025-08-26,2025-08-26 10:19:31.000,IO2603-P-5000,720.0,709.0,714.8
2025-08-26,2025-08-26 10:19:36.000,IO2603-P-5000,720.0,709.0,714.6
2025-08-26,2025-08-26 10:19:36.500,IO2603-P-5000,720.0,709.0,714.4
2025-08-26,2025-08-26 10:19:37.500,IO2603-P-5000,720.0,709.0,714.4
2025-08-26,2025-08-26 10:19:48.000,IO2603-P-5000,720.0,709.0,714.4
2025-08-26,2025-08-26 10:19:48.500,IO2603-P-5000,720.0,709.0,714.4
2025-08-26,2025-08-26 10:19:57.000,IO2603-P-5000,720.0,709.0,715.0
2025-08-26,2025-08-26 10:19:57.500,IO2603-P-5000,720.0,709.0,715.0
2025-08-26,2025-08-26 10:19:58.000,IO2603-P-5000,720.0,709.0,715.8
2025-08-26,2025-08-26 10:19:58.500,IO2603-P-5000,720.0,709.0,715.8
2025-08-26,2025-08-26 10:19:59.000,IO2603-P-5000,720.0,709.0,715.8
2025-08-26,2025-08-26 10:20:01.500,IO2603-P-5000,720.0,709.0,715.8
2025-08-26,2025-08-26 10:20:34.000,IO2603-P-5000,720.0,709.0,715.8
2025-08-26,2025-08-26 10:20:34.500,IO2603-P-5000,720.0,709.0,715.8
2025-08-26,2025-08-26 10:20:41.500,IO2603-P-5000,720.0,709.0,715.8
2025-08-26,2025-08-26 10:20:45.500,IO2603-P-5000,720.0,709.0,715.8
2025-08-26,2025-08-26 10:20:50.000,IO2603-P-5000,720.0,709.0,715.8
2025-08-26,2025-08-26 10:20:51.500,IO2603-P-5000,720.0,709.0,715.8
2025-08-26,2025-08-26 10:20:55.500,IO2603-P-5000,720.0,709.0,715.8
2025-08-26,2025-08-26 10:20:56.000,IO2603-P-5000,720.0,709.0,715.8
2025-08-26,2025-08-26 10:20:58.500,IO2603-P-5000,720.0,709.0,715.8
2025-08-26,2025-08-26 10:21:00.000,IO2603-P-5000,720.0,709.0,715.8
2025-08-26,2025-08-26 10:21:01.000,IO2603-P-5000,720.0,708.8,715.8
2025-08-26,2025-08-26 10:21:01.500,IO2603-P-5000,720.0,709.4,716.4
2025-08-26,2025-08-26 10:21:02.000,IO2603-P-5000,720.0,709.4,716.4
2025-08-26,2025-08-26 10:21:02.500,IO2603-P-5000,720.0,709.4,716.8
2025-08-26,2025-08-26 10:21:03.000,IO2603-P-5000,720.0,709.4,716.8
2025-08-26,2025-08-26 10:21:03.500,IO2603-P-5000,720.0,709.4,716.8
2025-08-26,2025-08-26 10:21:04.000,IO2603-P-5000,720.0,709.4,716.8
2025-08-26,2025-08-26 10:21:04.500,IO2603-P-5000,720.0,709.4,717.2
2025-08-26,2025-08-26 10:21:05.000,IO2603-P-5000,720.0,710.4,717.2
2025-08-26,2025-08-26 10:21:05.500,IO2603-P-5000,720.0,710.4,717.2
2025-08-26,2025-08-26 10:21:06.000,IO2603-P-5000,720.0,710.4,717.2
2025-08-26,2025-08-26 10:21:06.500,IO2603-P-5000,720.0,710.4,717.2
2025-08-26,2025-08-26 10:21:07.000,IO2603-P-5000,720.0,710.4,717.2
2025-08-26,2025-08-26 10:21:07.500,IO2603-P-5000,720.0,710.4,717.2
2025-08-26,2025-08-26 10:21:08.000,IO2603-P-5000,720.0,710.4,717.2
2025-08-26,2025-08-26 10:21:16.000,IO2603-P-5000,720.0,710.4,717.2
2025-08-26,2025-08-26 10:21:16.500,IO2603-P-5000,720.0,710.4,717.2
2025-08-26,2025-08-26 10:21:24.000,IO2603-P-5000,720.0,710.4,717.2
2025-08-26,2025-08-26 10:21:47.000,IO2603-P-5000,720.0,710.8,717.4
2025-08-26,2025-08-26 10:21:50.500,IO2603-P-5000,720.0,710.8,717.8
2025-08-26,2025-08-26 10:21:51.000,IO2603-P-5000,720.0,710.8,717.8
2025-08-26,2025-08-26 10:21:51.500,IO2603-P-5000,720.0,710.8,717.8
2025-08-26,2025-08-26 10:21:52.000,IO2603-P-5000,720.0,710.8,717.8
2025-08-26,2025-08-26 10:21:52.500,IO2603-P-5000,720.0,710.8,718.4
2025-08-26,2025-08-26 10:22:12.500,IO2603-P-5000,720.0,711.0,718.4
2025-08-26,2025-08-26 10:22:13.000,IO2603-P-5000,720.0,711.0,718.4
2025-08-26,2025-08-26 10:22:13.500,IO2603-P-5000,720.0,711.0,718.4
2025-08-26,2025-08-26 10:22:14.000,IO2603-P-5000,720.0,711.0,718.4
2025-08-26,2025-08-26 10:22:14.500,IO2603-P-5000,720.0,711.0,718.4
2025-08-26,2025-08-26 10:22:15.500,IO2603-P-5000,720.0,711.0,718.4
2025-08-26,2025-08-26 10:22:17.000,IO2603-P-5000,720.0,711.0,718.2
2025-08-26,2025-08-26 10:22:17.500,IO2603-P-5000,720.0,711.0,718.2
2025-08-26,2025-08-26 10:23:01.000,IO2603-P-5000,720.0,711.0,718.2
2025-08-26,2025-08-26 10:23:02.000,IO2603-P-5000,720.0,711.0,717.0
2025-08-26,2025-08-26 10:23:02.500,IO2603-P-5000,720.0,711.0,716.6
2025-08-26,2025-08-26 10:23:03.000,IO2603-P-5000,720.0,710.6,716.6
2025-08-26,2025-08-26 10:23:03.500,IO2603-P-5000,720.0,710.6,716.6
2025-08-26,2025-08-26 10:23:04.000,IO2603-P-5000,720.0,710.6,716.6
2025-08-26,2025-08-26 10:23:04.500,IO2603-P-5000,720.0,710.6,716.6
2025-08-26,2025-08-26 10:23:05.000,IO2603-P-5000,720.0,710.6,716.6
2025-08-26,2025-08-26 10:23:05.500,IO2603-P-5000,720.0,710.6,716.6
2025-08-26,2025-08-26 10:23:06.500,IO2603-P-5000,720.0,710.6,716.6
2025-08-26,2025-08-26 10:23:07.000,IO2603-P-5000,720.0,710.6,716.6
2025-08-26,2025-08-26 10:23:08.500,IO2603-P-5000,720.0,710.6,716.6
2025-08-26,2025-08-26 10:23:12.000,IO2603-P-5000,720.0,710.6,716.6
2025-08-26,2025-08-26 10:23:16.500,IO2603-P-5000,720.0,710.6,717.4
2025-08-26,2025-08-26 10:23:17.000,IO2603-P-5000,720.0,710.6,717.4
2025-08-26,2025-08-26 10:23:17.500,IO2603-P-5000,720.0,710.6,717.4
2025-08-26,2025-08-26 10:23:18.000,IO2603-P-5000,720.0,710.6,717.4
2025-08-26,2025-08-26 10:23:21.500,IO2603-P-5000,720.0,710.6,716.6
2025-08-26,2025-08-26 10:23:22.000,IO2603-P-5000,720.0,710.6,716.6
2025-08-26,2025-08-26 10:23:24.500,IO2603-P-5000,720.0,710.6,716.6
2025-08-26,2025-08-26 10:23:25.000,IO2603-P-5000,720.0,710.6,716.6
2025-08-26,2025-08-26 10:24:09.000,IO2603-P-5000,720.0,710.6,716.6
2025-08-26,2025-08-26 10:24:16.500,IO2603-P-5000,720.0,710.4,716.6
2025-08-26,2025-08-26 10:25:03.000,IO2603-P-5000,720.0,710.6,717.4
2025-08-26,2025-08-26 10:25:03.500,IO2603-P-5000,720.0,710.6,717.4
2025-08-26,2025-08-26 10:25:04.000,IO2603-P-5000,720.0,710.6,718.0
2025-08-26,2025-08-26 10:25:04.500,IO2603-P-5000,720.0,710.6,718.0
2025-08-26,2025-08-26 10:25:05.000,IO2603-P-5000,720.0,710.6,718.0
2025-08-26,2025-08-26 10:25:06.000,IO2603-P-5000,720.0,710.6,718.4
2025-08-26,2025-08-26 10:25:06.500,IO2603-P-5000,720.0,710.6,718.4
2025-08-26,2025-08-26 10:25:09.500,IO2603-P-5000,720.0,710.4,716.8
2025-08-26,2025-08-26 10:25:10.000,IO2603-P-5000,720.0,710.4,716.8
2025-08-26,2025-08-26 10:25:11.000,IO2603-P-5000,720.0,710.4,716.6
2025-08-26,2025-08-26 10:25:22.500,IO2603-P-5000,720.0,710.4,717.4
2025-08-26,2025-08-26 10:25:47.500,IO2603-P-5000,720.0,710.4,717.4
2025-08-26,2025-08-26 10:25:53.500,IO2603-P-5000,720.0,710.4,717.4
2025-08-26,2025-08-26 10:26:00.500,IO2603-P-5000,720.0,710.4,717.4
2025-08-26,2025-08-26 10:26:01.500,IO2603-P-5000,720.0,710.4,718.0
2025-08-26,2025-08-26 10:26:02.000,IO2603-P-5000,720.0,710.6,718.0
2025-08-26,2025-08-26 10:26:02.500,IO2603-P-5000,720.0,710.6,718.0
2025-08-26,2025-08-26 10:26:03.000,IO2603-P-5000,720.0,710.6,718.0
2025-08-26,2025-08-26 10:26:03.500,IO2603-P-5000,720.0,711.6,718.2
2025-08-26,2025-08-26 10:26:04.000,IO2603-P-5000,720.0,711.6,718.4
2025-08-26,2025-08-26 10:26:04.500,IO2603-P-5000,720.0,711.6,718.6
2025-08-26,2025-08-26 10:26:05.000,IO2603-P-5000,720.0,711.6,718.8
2025-08-26,2025-08-26 10:26:05.500,IO2603-P-5000,720.0,711.6,718.8
2025-08-26,2025-08-26 10:26:06.000,IO2603-P-5000,720.0,711.6,718.8
2025-08-26,2025-08-26 10:26:06.500,IO2603-P-5000,720.0,711.6,718.8
2025-08-26,2025-08-26 10:26:07.500,IO2603-P-5000,720.0,711.6,719.4
2025-08-26,2025-08-26 10:26:08.000,IO2603-P-5000,720.0,711.6,719.4
2025-08-26,2025-08-26 10:26:08.500,IO2603-P-5000,720.0,711.6,719.4
2025-08-26,2025-08-26 10:26:18.000,IO2603-P-5000,720.0,711.8,719.4
2025-08-26,2025-08-26 10:26:18.500,IO2603-P-5000,720.0,713.2,719.4
2025-08-26,2025-08-26 10:26:19.000,IO2603-P-5000,720.0,713.2,719.4
2025-08-26,2025-08-26 10:26:19.500,IO2603-P-5000,720.0,713.2,719.4
2025-08-26,2025-08-26 10:26:20.000,IO2603-P-5000,720.0,713.2,719.4
2025-08-26,2025-08-26 10:26:20.500,IO2603-P-5000,720.0,713.2,719.4
2025-08-26,2025-08-26 10:26:21.500,IO2603-P-5000,720.0,713.2,719.4
2025-08-26,2025-08-26 10:26:22.500,IO2603-P-5000,720.0,713.2,719.4
2025-08-26,2025-08-26 10:26:38.000,IO2603-P-5000,720.0,713.2,719.6
2025-08-26,2025-08-26 10:26:38.500,IO2603-P-5000,720.0,713.2,719.6
2025-08-26,2025-08-26 10:26:40.000,IO2603-P-5000,720.0,713.2,719.8
2025-08-26,2025-08-26 10:26:40.500,IO2603-P-5000,720.0,713.2,719.8
2025-08-26,2025-08-26 10:26:41.000,IO2603-P-5000,720.0,713.2,719.8
2025-08-26,2025-08-26 10:26:41.500,IO2603-P-5000,720.0,713.2,719.8
2025-08-26,2025-08-26 10:26:42.500,IO2603-P-5000,720.0,713.2,719.8
2025-08-26,2025-08-26 10:26:44.500,IO2603-P-5000,720.0,713.2,719.8
2025-08-26,2025-08-26 10:26:45.000,IO2603-P-5000,720.0,713.4,719.8
2025-08-26,2025-08-26 10:26:45.500,IO2603-P-5000,720.0,713.4,720.2
2025-08-26,2025-08-26 10:26:46.000,IO2603-P-5000,720.0,713.4,720.2
2025-08-26,2025-08-26 10:26:46.500,IO2603-P-5000,720.0,713.4,720.2
2025-08-26,2025-08-26 10:26:47.500,IO2603-P-5000,720.0,713.4,720.2
2025-08-26,2025-08-26 10:26:53.500,IO2603-P-5000,720.0,713.4,720.2
2025-08-26,2025-08-26 10:26:54.000,IO2603-P-5000,720.0,713.6,720.2
2025-08-26,2025-08-26 10:26:54.500,IO2603-P-5000,720.0,713.6,720.2
2025-08-26,2025-08-26 10:26:55.000,IO2603-P-5000,720.0,713.6,720.2
2025-08-26,2025-08-26 10:26:55.500,IO2603-P-5000,720.0,713.6,720.2
2025-08-26,2025-08-26 10:27:02.500,IO2603-P-5000,720.0,713.6,720.2
2025-08-26,2025-08-26 10:27:03.500,IO2603-P-5000,720.0,713.6,720.2
2025-08-26,2025-08-26 10:27:21.000,IO2603-P-5000,720.0,713.4,720.2
2025-08-26,2025-08-26 10:27:21.500,IO2603-P-5000,720.0,713.4,720.2
2025-08-26,2025-08-26 10:27:24.000,IO2603-P-5000,720.0,713.4,720.0
2025-08-26,2025-08-26 10:27:24.500,IO2603-P-5000,720.0,713.4,720.0
2025-08-26,2025-08-26 10:27:53.500,IO2603-P-5000,720.0,713.6,720.0
2025-08-26,2025-08-26 10:27:54.000,IO2603-P-5000,720.0,713.6,720.0
2025-08-26,2025-08-26 10:27:54.500,IO2603-P-5000,720.0,713.6,719.8
2025-08-26,2025-08-26 10:27:55.000,IO2603-P-5000,720.0,713.6,719.8
2025-08-26,2025-08-26 10:28:12.500,IO2603-P-5000,720.0,713.6,719.4
2025-08-26,2025-08-26 10:28:14.000,IO2603-P-5000,720.0,713.6,719.4
2025-08-26,2025-08-26 10:28:15.000,IO2603-P-5000,720.0,713.4,719.4
2025-08-26,2025-08-26 10:28:15.500,IO2603-P-5000,720.0,713.4,719.4
2025-08-26,2025-08-26 10:28:34.500,IO2603-P-5000,720.0,713.4,719.4
2025-08-26,2025-08-26 10:28:36.500,IO2603-P-5000,720.0,713.4,719.4
2025-08-26,2025-08-26 10:29:24.000,IO2603-P-5000,720.0,713.4,718.2
2025-08-26,2025-08-26 10:29:24.500,IO2603-P-5000,720.0,713.4,718.2
2025-08-26,2025-08-26 10:29:25.000,IO2603-P-5000,720.0,713.4,718.2
2025-08-26,2025-08-26 10:29:26.000,IO2603-P-5000,720.0,713.4,718.4
2025-08-26,2025-08-26 10:30:00.000,IO2603-P-5000,720.0,713.4,719.8
2025-08-26,2025-08-26 10:30:00.500,IO2603-P-5000,720.0,713.4,719.8
2025-08-26,2025-08-26 10:30:01.000,IO2603-P-5000,720.0,713.4,719.8
2025-08-26,2025-08-26 10:30:01.500,IO2603-P-5000,720.0,713.4,719.8
2025-08-26,2025-08-26 10:30:03.000,IO2603-P-5000,720.0,713.4,719.2
2025-08-26,2025-08-26 10:30:03.500,IO2603-P-5000,720.0,713.4,719.2
2025-08-26,2025-08-26 10:30:17.000,IO2603-P-5000,720.0,713.4,719.2
2025-08-26,2025-08-26 10:30:17.500,IO2603-P-5000,720.0,713.4,719.6
2025-08-26,2025-08-26 10:30:21.000,IO2603-P-5000,720.0,713.4,719.2
2025-08-26,2025-08-26 10:30:22.000,IO2603-P-5000,720.0,713.4,719.2
2025-08-26,2025-08-26 10:30:25.500,IO2603-P-5000,720.0,713.4,719.2
2025-08-26,2025-08-26 10:30:28.500,IO2603-P-5000,720.0,713.4,718.6
2025-08-26,2025-08-26 10:30:29.000,IO2603-P-5000,720.0,713.4,718.4
2025-08-26,2025-08-26 10:30:41.500,IO2603-P-5000,720.0,713.4,718.4
2025-08-26,2025-08-26 10:30:43.500,IO2603-P-5000,720.0,713.4,718.2
2025-08-26,2025-08-26 10:30:44.000,IO2603-P-5000,720.0,713.4,718.4
2025-08-26,2025-08-26 10:31:02.000,IO2603-P-5000,720.0,713.4,718.4
2025-08-26,2025-08-26 10:31:07.500,IO2603-P-5000,720.0,713.4,718.4
2025-08-26,2025-08-26 10:31:16.500,IO2603-P-5000,720.0,713.4,718.2
2025-08-26,2025-08-26 10:31:17.500,IO2603-P-5000,720.0,713.4,718.0
2025-08-26,2025-08-26 10:31:18.000,IO2603-P-5000,720.0,713.4,718.2
2025-08-26,2025-08-26 10:31:20.500,IO2603-P-5000,720.0,713.4,718.2
2025-08-26,2025-08-26 10:31:23.000,IO2603-P-5000,720.0,713.4,718.2
2025-08-26,2025-08-26 10:31:23.500,IO2603-P-5000,720.0,713.4,718.2
2025-08-26,2025-08-26 10:31:24.500,IO2603-P-5000,720.0,713.4,718.2
2025-08-26,2025-08-26 10:31:25.000,IO2603-P-5000,720.0,713.4,718.4
2025-08-26,2025-08-26 10:31:57.000,IO2603-P-5000,720.0,713.4,719.8
2025-08-26,2025-08-26 10:31:57.500,IO2603-P-5000,720.0,713.4,719.8
2025-08-26,2025-08-26 10:31:58.000,IO2603-P-5000,720.0,713.4,719.8
2025-08-26,2025-08-26 10:32:06.500,IO2603-P-5000,720.0,713.4,719.8
2025-08-26,2025-08-26 10:32:19.500,IO2603-P-5000,720.0,713.4,720.0
2025-08-26,2025-08-26 10:32:20.000,IO2603-P-5000,720.0,713.4,720.0
2025-08-26,2025-08-26 10:32:20.500,IO2603-P-5000,720.0,713.4,720.0
2025-08-26,2025-08-26 10:32:24.500,IO2603-P-5000,720.0,713.4,720.0
2025-08-26,2025-08-26 10:32:25.500,IO2603-P-5000,720.0,713.6,720.0
2025-08-26,2025-08-26 10:32:26.500,IO2603-P-5000,720.0,713.8,720.2
2025-08-26,2025-08-26 10:32:27.000,IO2603-P-5000,720.0,713.8,720.8
2025-08-26,2025-08-26 10:32:27.500,IO2603-P-5000,720.0,713.8,720.8
2025-08-26,2025-08-26 10:32:28.000,IO2603-P-5000,720.0,714.2,720.8
2025-08-26,2025-08-26 10:32:29.000,IO2603-P-5000,720.0,714.2,721.0
2025-08-26,2025-08-26 10:32:29.500,IO2603-P-5000,720.0,714.2,721.2
2025-08-26,2025-08-26 10:32:30.000,IO2603-P-5000,720.0,714.2,721.4
2025-08-26,2025-08-26 10:32:30.500,IO2603-P-5000,720.0,714.2,721.4
2025-08-26,2025-08-26 10:32:31.000,IO2603-P-5000,720.0,714.2,721.4
2025-08-26,2025-08-26 10:32:33.500,IO2603-P-5000,720.0,714.2,721.4
2025-08-26,2025-08-26 10:32:35.500,IO2603-P-5000,720.0,715.0,721.4
2025-08-26,2025-08-26 10:32:36.000,IO2603-P-5000,720.0,715.0,721.4
2025-08-26,2025-08-26 10:32:36.500,IO2603-P-5000,720.0,715.0,721.4
2025-08-26,2025-08-26 10:32:37.000,IO2603-P-5000,720.0,715.0,721.4
2025-08-26,2025-08-26 10:32:37.500,IO2603-P-5000,721.4,715.2,721.6
2025-08-26,2025-08-26 10:32:38.000,IO2603-P-5000,721.4,715.2,721.6
2025-08-26,2025-08-26 10:32:38.500,IO2603-P-5000,721.4,715.2,721.6
2025-08-26,2025-08-26 10:32:39.500,IO2603-P-5000,721.4,715.2,722.0
2025-08-26,2025-08-26 10:32:40.000,IO2603-P-5000,721.4,715.2,722.0
2025-08-26,2025-08-26 10:32:40.500,IO2603-P-5000,721.4,715.6,722.2
2025-08-26,2025-08-26 10:32:41.000,IO2603-P-5000,721.4,715.6,722.2
2025-08-26,2025-08-26 10:32:41.500,IO2603-P-5000,721.4,715.6,722.2
2025-08-26,2025-08-26 10:32:42.500,IO2603-P-5000,721.4,715.6,722.2
2025-08-26,2025-08-26 10:32:43.000,IO2603-P-5000,721.4,716.0,722.2
2025-08-26,2025-08-26 10:32:43.500,IO2603-P-5000,721.4,716.4,722.2
2025-08-26,2025-08-26 10:32:44.000,IO2603-P-5000,722.2,716.6,722.4
2025-08-26,2025-08-26 10:32:44.500,IO2603-P-5000,722.2,716.6,722.4
2025-08-26,2025-08-26 10:32:45.000,IO2603-P-5000,722.2,716.6,722.4
2025-08-26,2025-08-26 10:32:45.500,IO2603-P-5000,722.2,716.6,722.4
2025-08-26,2025-08-26 10:32:46.000,IO2603-P-5000,722.2,716.6,722.8
2025-08-26,2025-08-26 10:32:46.500,IO2603-P-5000,722.2,716.6,723.0
2025-08-26,2025-08-26 10:32:47.000,IO2603-P-5000,722.2,716.6,723.0
2025-08-26,2025-08-26 10:32:47.500,IO2603-P-5000,722.2,716.6,723.0
2025-08-26,2025-08-26 10:32:48.000,IO2603-P-5000,722.2,716.6,723.0
2025-08-26,2025-08-26 10:32:48.500,IO2603-P-5000,722.2,716.6,723.0
2025-08-26,2025-08-26 10:32:53.000,IO2603-P-5000,722.2,716.6,723.0
2025-08-26,2025-08-26 10:32:56.000,IO2603-P-5000,722.2,716.8,723.0
2025-08-26,2025-08-26 10:32:56.500,IO2603-P-5000,722.2,716.8,723.0
2025-08-26,2025-08-26 10:32:57.500,IO2603-P-5000,722.2,716.8,723.0
2025-08-26,2025-08-26 10:32:59.000,IO2603-P-5000,722.2,716.8,723.0
2025-08-26,2025-08-26 10:33:04.000,IO2603-P-5000,722.2,716.6,723.0
2025-08-26,2025-08-26 10:33:04.500,IO2603-P-5000,722.2,716.4,723.0
2025-08-26,2025-08-26 10:33:05.000,IO2603-P-5000,722.2,722.0,723.0
2025-08-26,2025-08-26 10:33:05.500,IO2603-P-5000,722.0,716.4,723.0
2025-08-26,2025-08-26 10:33:06.000,IO2603-P-5000,722.0,716.4,722.8
2025-08-26,2025-08-26 10:33:06.500,IO2603-P-5000,722.0,716.4,722.8
2025-08-26,2025-08-26 10:33:07.000,IO2603-P-5000,722.0,716.4,722.8
2025-08-26,2025-08-26 10:33:08.000,IO2603-P-5000,722.0,716.4,722.6
2025-08-26,2025-08-26 10:33:08.500,IO2603-P-5000,722.0,716.4,722.6
2025-08-26,2025-08-26 10:33:09.000,IO2603-P-5000,722.0,716.4,722.6
2025-08-26,2025-08-26 10:33:09.500,IO2603-P-5000,722.0,716.4,722.6
2025-08-26,2025-08-26 10:33:10.000,IO2603-P-5000,722.0,716.4,722.6
2025-08-26,2025-08-26 10:33:12.000,IO2603-P-5000,722.0,716.4,722.6
2025-08-26,2025-08-26 10:33:12.500,IO2603-P-5000,722.0,716.4,722.6
2025-08-26,2025-08-26 10:33:15.000,IO2603-P-5000,722.0,716.4,722.6
2025-08-26,2025-08-26 10:33:19.000,IO2603-P-5000,722.0,716.4,722.6
2025-08-26,2025-08-26 10:33:20.000,IO2603-P-5000,722.0,716.2,722.6
2025-08-26,2025-08-26 10:33:21.000,IO2603-P-5000,722.0,716.2,722.6
2025-08-26,2025-08-26 10:33:23.500,IO2603-P-5000,722.0,716.2,722.6
2025-08-26,2025-08-26 10:33:35.500,IO2603-P-5000,722.0,716.0,722.4
2025-08-26,2025-08-26 10:33:36.000,IO2603-P-5000,722.0,716.0,722.4
2025-08-26,2025-08-26 10:33:36.500,IO2603-P-5000,722.0,716.0,722.4
2025-08-26,2025-08-26 10:33:37.500,IO2603-P-5000,722.0,715.0,722.4
2025-08-26,2025-08-26 10:33:38.000,IO2603-P-5000,722.0,715.0,722.4
2025-08-26,2025-08-26 10:33:39.500,IO2603-P-5000,722.0,715.0,720.4
2025-08-26,2025-08-26 10:33:40.000,IO2603-P-5000,722.0,715.0,720.4
2025-08-26,2025-08-26 10:33:40.500,IO2603-P-5000,722.0,715.0,720.4
2025-08-26,2025-08-26 10:33:41.000,IO2603-P-5000,722.0,715.0,720.4
2025-08-26,2025-08-26 10:33:42.500,IO2603-P-5000,722.0,715.0,720.4
2025-08-26,2025-08-26 10:33:48.000,IO2603-P-5000,722.0,714.6,720.4
2025-08-26,2025-08-26 10:33:48.500,IO2603-P-5000,722.0,714.6,720.4
2025-08-26,2025-08-26 10:33:49.000,IO2603-P-5000,722.0,714.6,720.4
2025-08-26,2025-08-26 10:33:49.500,IO2603-P-5000,722.0,714.6,720.4
2025-08-26,2025-08-26 10:33:50.000,IO2603-P-5000,722.0,714.4,720.4
2025-08-26,2025-08-26 10:33:50.500,IO2603-P-5000,722.0,714.4,720.4
2025-08-26,2025-08-26 10:34:00.500,IO2603-P-5000,722.0,714.4,720.4
2025-08-26,2025-08-26 10:34:01.000,IO2603-P-5000,722.0,714.4,720.4
2025-08-26,2025-08-26 10:34:01.500,IO2603-P-5000,722.0,714.4,720.4
2025-08-26,2025-08-26 10:34:09.500,IO2603-P-5000,722.0,714.8,720.4
2025-08-26,2025-08-26 10:34:16.500,IO2603-P-5000,722.0,714.4,720.4
2025-08-26,2025-08-26 10:34:17.000,IO2603-P-5000,722.0,714.4,720.4
2025-08-26,2025-08-26 10:34:17.500,IO2603-P-5000,722.0,714.4,720.4
2025-08-26,2025-08-26 10:34:37.000,IO2603-P-5000,722.0,714.4,720.4
2025-08-26,2025-08-26 10:34:37.500,IO2603-P-5000,722.0,714.4,720.4
2025-08-26,2025-08-26 10:34:40.500,IO2603-P-5000,722.0,714.4,720.4
2025-08-26,2025-08-26 10:34:41.000,IO2603-P-5000,722.0,714.4,720.4
2025-08-26,2025-08-26 10:34:50.000,IO2603-P-5000,722.0,714.4,720.4
2025-08-26,2025-08-26 10:34:59.000,IO2603-P-5000,722.0,714.2,720.2
2025-08-26,2025-08-26 10:34:59.500,IO2603-P-5000,722.0,714.2,720.2
2025-08-26,2025-08-26 10:35:00.000,IO2603-P-5000,722.0,714.2,720.2
2025-08-26,2025-08-26 10:35:00.500,IO2603-P-5000,722.0,714.2,717.8
2025-08-26,2025-08-26 10:35:01.000,IO2603-P-5000,722.0,714.2,717.8
2025-08-26,2025-08-26 10:35:01.500,IO2603-P-5000,722.0,714.2,717.8
2025-08-26,2025-08-26 10:35:11.000,IO2603-P-5000,722.0,714.2,717.8
2025-08-26,2025-08-26 10:35:27.500,IO2603-P-5000,722.0,714.2,717.8
2025-08-26,2025-08-26 10:35:28.000,IO2603-P-5000,722.0,714.4,717.8
2025-08-26,2025-08-26 10:35:28.500,IO2603-P-5000,722.0,714.4,717.8
2025-08-26,2025-08-26 10:35:48.000,IO2603-P-5000,722.0,714.4,720.4
2025-08-26,2025-08-26 10:35:48.500,IO2603-P-5000,722.0,714.4,719.6
2025-08-26,2025-08-26 10:35:49.000,IO2603-P-5000,722.0,714.4,719.6
2025-08-26,2025-08-26 10:35:50.500,IO2603-P-5000,722.0,714.4,719.6
2025-08-26,2025-08-26 10:35:51.000,IO2603-P-5000,722.0,714.4,719.6
2025-08-26,2025-08-26 10:35:53.000,IO2603-P-5000,722.0,714.4,719.6
2025-08-26,2025-08-26 10:35:53.500,IO2603-P-5000,722.0,714.4,719.6
2025-08-26,2025-08-26 10:35:54.000,IO2603-P-5000,722.0,714.4,719.6
2025-08-26,2025-08-26 10:35:54.500,IO2603-P-5000,722.0,714.4,719.6
2025-08-26,2025-08-26 10:35:57.000,IO2603-P-5000,722.0,713.8,719.4
2025-08-26,2025-08-26 10:35:57.500,IO2603-P-5000,722.0,713.8,718.2
2025-08-26,2025-08-26 10:35:58.000,IO2603-P-5000,722.0,713.8,718.2
2025-08-26,2025-08-26 10:35:58.500,IO2603-P-5000,722.0,713.8,718.2
2025-08-26,2025-08-26 10:35:59.000,IO2603-P-5000,722.0,712.8,718.2
2025-08-26,2025-08-26 10:35:59.500,IO2603-P-5000,722.0,712.8,718.2
2025-08-26,2025-08-26 10:36:00.000,IO2603-P-5000,722.0,712.8,718.2
2025-08-26,2025-08-26 10:36:02.500,IO2603-P-5000,722.0,712.8,718.2
2025-08-26,2025-08-26 10:36:11.500,IO2603-P-5000,722.0,714.0,718.2
2025-08-26,2025-08-26 10:36:12.000,IO2603-P-5000,722.0,714.0,718.2
2025-08-26,2025-08-26 10:36:12.500,IO2603-P-5000,722.0,714.0,718.2
2025-08-26,2025-08-26 10:36:18.000,IO2603-P-5000,722.0,712.6,718.2
2025-08-26,2025-08-26 10:36:18.500,IO2603-P-5000,722.0,712.6,718.2
2025-08-26,2025-08-26 10:36:19.000,IO2603-P-5000,722.0,712.6,718.2
2025-08-26,2025-08-26 10:36:28.000,IO2603-P-5000,722.0,714.0,718.2
2025-08-26,2025-08-26 10:36:28.500,IO2603-P-5000,722.0,714.0,718.2
2025-08-26,2025-08-26 10:36:29.000,IO2603-P-5000,722.0,714.0,718.2
2025-08-26,2025-08-26 10:36:44.000,IO2603-P-5000,722.0,716.0,718.2
2025-08-26,2025-08-26 10:36:44.500,IO2603-P-5000,722.0,714.0,718.2
2025-08-26,2025-08-26 10:36:45.000,IO2603-P-5000,722.0,714.0,718.2
2025-08-26,2025-08-26 10:36:50.000,IO2603-P-5000,722.0,712.6,718.2
2025-08-26,2025-08-26 10:36:50.500,IO2603-P-5000,722.0,712.6,718.2
2025-08-26,2025-08-26 10:36:51.000,IO2603-P-5000,722.0,712.6,718.2
2025-08-26,2025-08-26 10:37:16.000,IO2603-P-5000,722.0,712.6,718.2
2025-08-26,2025-08-26 10:37:16.500,IO2603-P-5000,722.0,712.6,718.2
2025-08-26,2025-08-26 10:37:17.000,IO2603-P-5000,722.0,712.6,718.2
2025-08-26,2025-08-26 10:37:17.500,IO2603-P-5000,722.0,712.6,718.2
2025-08-26,2025-08-26 10:37:18.000,IO2603-P-5000,722.0,712.6,718.2
2025-08-26,2025-08-26 10:38:39.000,IO2603-P-5000,722.0,712.8,718.2
2025-08-26,2025-08-26 10:38:39.500,IO2603-P-5000,722.0,712.8,718.2
2025-08-26,2025-08-26 10:38:49.500,IO2603-P-5000,722.0,712.8,718.2
2025-08-26,2025-08-26 10:38:50.000,IO2603-P-5000,722.0,712.8,718.2
2025-08-26,2025-08-26 10:39:12.500,IO2603-P-5000,722.0,714.0,718.2
2025-08-26,2025-08-26 10:39:13.000,IO2603-P-5000,722.0,714.0,718.2
2025-08-26,2025-08-26 10:39:13.500,IO2603-P-5000,722.0,714.2,718.2
2025-08-26,2025-08-26 10:39:14.000,IO2603-P-5000,722.0,714.2,718.2
2025-08-26,2025-08-26 10:39:14.500,IO2603-P-5000,722.0,714.2,718.2
2025-08-26,2025-08-26 10:39:16.000,IO2603-P-5000,722.0,714.2,718.2
2025-08-26,2025-08-26 10:39:16.500,IO2603-P-5000,722.0,714.2,718.2
2025-08-26,2025-08-26 10:39:17.000,IO2603-P-5000,722.0,714.2,718.2
2025-08-26,2025-08-26 10:39:17.500,IO2603-P-5000,722.0,714.2,718.2
2025-08-26,2025-08-26 10:39:18.000,IO2603-P-5000,722.0,714.2,718.2
2025-08-26,2025-08-26 10:39:18.500,IO2603-P-5000,722.0,714.4,718.2
2025-08-26,2025-08-26 10:40:02.500,IO2603-P-5000,722.0,714.6,718.2
2025-08-26,2025-08-26 10:40:03.000,IO2603-P-5000,722.0,714.6,718.2
2025-08-26,2025-08-26 10:40:19.500,IO2603-P-5000,722.0,714.6,718.2
2025-08-26,2025-08-26 10:40:40.500,IO2603-P-5000,722.0,715.4,718.2
2025-08-26,2025-08-26 10:40:41.000,IO2603-P-5000,722.0,715.2,718.2
2025-08-26,2025-08-26 10:41:02.500,IO2603-P-5000,722.0,715.6,720.2
2025-08-26,2025-08-26 10:41:03.000,IO2603-P-5000,722.0,715.6,720.4
2025-08-26,2025-08-26 10:41:03.500,IO2603-P-5000,722.0,715.6,720.6
2025-08-26,2025-08-26 10:41:04.000,IO2603-P-5000,722.0,715.6,720.6
2025-08-26,2025-08-26 10:41:04.500,IO2603-P-5000,722.0,715.6,720.6
2025-08-26,2025-08-26 10:41:05.000,IO2603-P-5000,722.0,715.6,720.6
2025-08-26,2025-08-26 10:41:05.500,IO2603-P-5000,722.0,715.6,720.0
2025-08-26,2025-08-26 10:41:06.000,IO2603-P-5000,722.0,715.6,720.0
2025-08-26,2025-08-26 10:41:06.500,IO2603-P-5000,722.0,715.6,720.0
2025-08-26,2025-08-26 10:41:07.000,IO2603-P-5000,722.0,715.6,720.0
2025-08-26,2025-08-26 10:41:09.500,IO2603-P-5000,722.0,715.6,720.0
2025-08-26,2025-08-26 10:41:10.000,IO2603-P-5000,722.0,715.6,720.0
2025-08-26,2025-08-26 10:41:10.500,IO2603-P-5000,722.0,715.6,720.0
2025-08-26,2025-08-26 10:41:12.500,IO2603-P-5000,722.0,715.6,720.0
2025-08-26,2025-08-26 10:41:13.000,IO2603-P-5000,722.0,715.6,720.0
2025-08-26,2025-08-26 10:41:24.500,IO2603-P-5000,722.0,715.6,720.0
2025-08-26,2025-08-26 10:41:25.000,IO2603-P-5000,722.0,715.4,720.0
2025-08-26,2025-08-26 10:41:25.500,IO2603-P-5000,722.0,714.8,720.0
2025-08-26,2025-08-26 10:41:26.000,IO2603-P-5000,722.0,714.8,720.0
2025-08-26,2025-08-26 10:41:26.500,IO2603-P-5000,722.0,714.8,720.0
2025-08-26,2025-08-26 10:41:27.000,IO2603-P-5000,722.0,714.8,720.0
2025-08-26,2025-08-26 10:41:27.500,IO2603-P-5000,722.0,714.8,720.0
2025-08-26,2025-08-26 10:41:39.000,IO2603-P-5000,722.0,714.8,719.8
2025-08-26,2025-08-26 10:41:39.500,IO2603-P-5000,722.0,714.6,719.8
2025-08-26,2025-08-26 10:41:40.000,IO2603-P-5000,722.0,714.2,719.8
2025-08-26,2025-08-26 10:41:40.500,IO2603-P-5000,722.0,714.2,719.8
2025-08-26,2025-08-26 10:41:41.000,IO2603-P-5000,722.0,714.2,719.8
2025-08-26,2025-08-26 10:41:41.500,IO2603-P-5000,722.0,714.8,717.0
2025-08-26,2025-08-26 10:41:42.000,IO2603-P-5000,722.0,714.8,717.0
2025-08-26,2025-08-26 10:41:42.500,IO2603-P-5000,722.0,714.8,717.0
2025-08-26,2025-08-26 10:41:43.000,IO2603-P-5000,722.0,714.2,717.0
2025-08-26,2025-08-26 10:41:43.500,IO2603-P-5000,722.0,714.2,717.0
2025-08-26,2025-08-26 10:41:44.000,IO2603-P-5000,722.0,714.2,717.0
2025-08-26,2025-08-26 10:41:44.500,IO2603-P-5000,722.0,714.2,717.0
2025-08-26,2025-08-26 10:41:45.000,IO2603-P-5000,722.0,714.2,717.0
2025-08-26,2025-08-26 10:41:48.000,IO2603-P-5000,722.0,714.2,717.0
2025-08-26,2025-08-26 10:41:48.500,IO2603-P-5000,722.0,714.2,717.0
2025-08-26,2025-08-26 10:41:49.500,IO2603-P-5000,722.0,714.2,717.0
2025-08-26,2025-08-26 10:41:50.000,IO2603-P-5000,722.0,714.2,717.0
2025-08-26,2025-08-26 10:41:50.500,IO2603-P-5000,722.0,714.2,717.0
2025-08-26,2025-08-26 10:41:51.000,IO2603-P-5000,722.0,714.2,717.0
2025-08-26,2025-08-26 10:41:53.000,IO2603-P-5000,722.0,714.2,717.0
2025-08-26,2025-08-26 10:42:04.500,IO2603-P-5000,722.0,714.2,717.0
2025-08-26,2025-08-26 10:42:05.000,IO2603-P-5000,722.0,714.2,717.0
2025-08-26,2025-08-26 10:42:05.500,IO2603-P-5000,722.0,714.2,717.0
2025-08-26,2025-08-26 10:42:06.000,IO2603-P-5000,722.0,714.4,717.0
2025-08-26,2025-08-26 10:42:08.500,IO2603-P-5000,722.0,714.0,717.0
2025-08-26,2025-08-26 10:42:09.000,IO2603-P-5000,722.0,714.4,717.0
2025-08-26,2025-08-26 10:42:09.500,IO2603-P-5000,722.0,714.4,717.0
2025-08-26,2025-08-26 10:42:16.500,IO2603-P-5000,722.0,714.0,717.0
2025-08-26,2025-08-26 10:42:17.000,IO2603-P-5000,722.0,714.0,717.0
2025-08-26,2025-08-26 10:42:18.500,IO2603-P-5000,722.0,714.2,717.0
2025-08-26,2025-08-26 10:42:19.000,IO2603-P-5000,722.0,714.2,717.0
2025-08-26,2025-08-26 10:42:20.000,IO2603-P-5000,722.0,714.0,717.0
2025-08-26,2025-08-26 10:42:20.500,IO2603-P-5000,722.0,714.6,717.0
2025-08-26,2025-08-26 10:42:24.500,IO2603-P-5000,722.0,714.2,717.0
2025-08-26,2025-08-26 10:42:35.000,IO2603-P-5000,722.0,714.2,717.0
2025-08-26,2025-08-26 10:42:35.500,IO2603-P-5000,722.0,714.2,717.0
2025-08-26,2025-08-26 10:42:38.000,IO2603-P-5000,722.0,714.2,717.0
2025-08-26,2025-08-26 10:42:38.500,IO2603-P-5000,722.0,714.2,717.0
2025-08-26,2025-08-26 10:42:41.500,IO2603-P-5000,722.0,714.2,717.0
2025-08-26,2025-08-26 10:42:42.500,IO2603-P-5000,722.0,714.0,717.0
2025-08-26,2025-08-26 10:42:44.000,IO2603-P-5000,722.0,714.2,717.0
2025-08-26,2025-08-26 10:43:16.000,IO2603-P-5000,722.0,713.8,717.0
2025-08-26,2025-08-26 10:43:16.500,IO2603-P-5000,722.0,712.6,717.0
2025-08-26,2025-08-26 10:43:17.000,IO2603-P-5000,722.0,712.8,717.0
2025-08-26,2025-08-26 10:43:20.500,IO2603-P-5000,722.0,712.8,717.0
2025-08-26,2025-08-26 10:43:21.000,IO2603-P-5000,722.0,712.8,717.0
2025-08-26,2025-08-26 10:43:25.000,IO2603-P-5000,722.0,712.8,717.0
2025-08-26,2025-08-26 10:43:29.500,IO2603-P-5000,722.0,712.8,717.0
2025-08-26,2025-08-26 10:43:59.500,IO2603-P-5000,722.0,712.8,717.0
2025-08-26,2025-08-26 10:44:04.500,IO2603-P-5000,722.0,712.8,717.0
2025-08-26,2025-08-26 10:44:16.500,IO2603-P-5000,722.0,712.4,717.0
2025-08-26,2025-08-26 10:44:17.000,IO2603-P-5000,722.0,712.4,717.0
2025-08-26,2025-08-26 10:44:17.500,IO2603-P-5000,722.0,712.4,717.0
2025-08-26,2025-08-26 10:44:18.500,IO2603-P-5000,722.0,712.4,717.0
2025-08-26,2025-08-26 10:44:19.000,IO2603-P-5000,722.0,712.4,717.0
2025-08-26,2025-08-26 10:44:24.000,IO2603-P-5000,722.0,712.8,717.0
2025-08-26,2025-08-26 10:44:24.500,IO2603-P-5000,722.0,712.8,717.0
2025-08-26,2025-08-26 10:44:25.000,IO2603-P-5000,722.0,712.8,717.0
2025-08-26,2025-08-26 10:44:45.000,IO2603-P-5000,722.0,712.8,717.0
2025-08-26,2025-08-26 10:44:45.500,IO2603-P-5000,722.0,712.8,717.0
2025-08-26,2025-08-26 10:44:56.000,IO2603-P-5000,722.0,712.8,717.0
2025-08-26,2025-08-26 10:45:13.500,IO2603-P-5000,722.0,712.8,717.0
2025-08-26,2025-08-26 10:45:14.000,IO2603-P-5000,722.0,712.8,717.0
2025-08-26,2025-08-26 10:45:14.500,IO2603-P-5000,722.0,712.8,717.0
2025-08-26,2025-08-26 10:45:15.000,IO2603-P-5000,722.0,712.8,717.0
2025-08-26,2025-08-26 10:45:42.000,IO2603-P-5000,722.0,712.8,717.0
2025-08-26,2025-08-26 10:45:42.500,IO2603-P-5000,722.0,712.8,717.0
2025-08-26,2025-08-26 10:45:43.500,IO2603-P-5000,722.0,712.8,717.0
2025-08-26,2025-08-26 10:45:44.000,IO2603-P-5000,722.0,712.8,717.0
2025-08-26,2025-08-26 10:46:13.500,IO2603-P-5000,722.0,712.8,717.0
2025-08-26,2025-08-26 10:46:14.000,IO2603-P-5000,722.0,712.4,717.0
2025-08-26,2025-08-26 10:46:14.500,IO2603-P-5000,722.0,712.4,717.0
2025-08-26,2025-08-26 10:46:21.500,IO2603-P-5000,722.0,712.4,717.0
2025-08-26,2025-08-26 10:46:22.000,IO2603-P-5000,722.0,712.4,717.0
2025-08-26,2025-08-26 10:46:55.000,IO2603-P-5000,722.0,712.4,717.0
2025-08-26,2025-08-26 10:47:01.000,IO2603-P-5000,722.0,712.0,717.0
2025-08-26,2025-08-26 10:47:01.500,IO2603-P-5000,722.0,712.0,717.0
2025-08-26,2025-08-26 10:47:02.000,IO2603-P-5000,722.0,712.0,717.0
2025-08-26,2025-08-26 10:47:02.500,IO2603-P-5000,722.0,712.0,717.0
2025-08-26,2025-08-26 10:47:03.000,IO2603-P-5000,722.0,712.0,717.0
2025-08-26,2025-08-26 10:47:03.500,IO2603-P-5000,722.0,712.0,717.0
2025-08-26,2025-08-26 10:48:06.500,IO2603-P-5000,722.0,712.0,717.0
2025-08-26,2025-08-26 10:48:08.000,IO2603-P-5000,722.0,712.0,717.0
2025-08-26,2025-08-26 10:48:08.500,IO2603-P-5000,722.0,711.8,717.0
2025-08-26,2025-08-26 10:48:09.000,IO2603-P-5000,722.0,711.6,717.0
2025-08-26,2025-08-26 10:48:09.500,IO2603-P-5000,722.0,711.4,717.0
2025-08-26,2025-08-26 10:48:10.000,IO2603-P-5000,722.0,711.4,717.0
2025-08-26,2025-08-26 10:48:10.500,IO2603-P-5000,722.0,711.4,717.0
2025-08-26,2025-08-26 10:48:11.500,IO2603-P-5000,722.0,711.4,717.0
2025-08-26,2025-08-26 10:48:13.000,IO2603-P-5000,722.0,711.4,717.0
2025-08-26,2025-08-26 10:48:14.500,IO2603-P-5000,722.0,711.4,717.0
2025-08-26,2025-08-26 10:48:15.500,IO2603-P-5000,722.0,711.4,717.0
2025-08-26,2025-08-26 10:48:17.500,IO2603-P-5000,722.0,711.4,717.0
