tradingdate,tradingtime,symbol,lastprice,buyprice01,sellprice01
2025-08-12,2025-08-12 09:29:00.400,MO2508-C-7700,0.4,0.2,1.2
2025-08-12,2025-08-12 09:30:00.400,MO2508-C-7700,0.4,0.2,1.2
2025-08-12,2025-08-12 09:30:00.900,MO2508-C-7700,0.4,0.2,1.2
2025-08-12,2025-08-12 09:30:01.400,MO2508-C-7700,0.4,0.2,1.2
2025-08-12,2025-08-12 09:30:01.900,MO2508-C-7700,0.4,0.2,1.2
2025-08-12,2025-08-12 09:30:02.900,MO2508-C-7700,0.4,0.2,1.2
2025-08-12,2025-08-12 09:30:08.900,MO2508-C-7700,0.4,0.2,1.0
2025-08-12,2025-08-12 09:30:09.400,MO2508-C-7700,0.4,0.2,0.8
2025-08-12,2025-08-12 09:30:10.400,MO2508-C-7700,0.4,0.2,0.8
2025-08-12,2025-08-12 09:30:10.900,MO2508-C-7700,0.4,0.2,0.8
2025-08-12,2025-08-12 09:30:11.400,MO2508-C-7700,0.4,0.2,0.8
2025-08-12,2025-08-12 09:30:11.900,MO2508-C-7700,0.4,0.2,0.6
2025-08-12,2025-08-12 09:30:12.400,MO2508-C-7700,0.4,0.2,0.6
2025-08-12,2025-08-12 09:30:12.900,MO2508-C-7700,0.4,0.2,0.6
2025-08-12,2025-08-12 09:30:15.400,MO2508-C-7700,0.4,0.2,0.6
2025-08-12,2025-08-12 09:30:16.400,MO2508-C-7700,0.4,0.2,0.6
2025-08-12,2025-08-12 09:30:18.400,MO2508-C-7700,0.4,0.2,0.6
2025-08-12,2025-08-12 09:30:26.400,MO2508-C-7700,0.6,0.2,0.6
2025-08-12,2025-08-12 09:30:27.400,MO2508-C-7700,0.6,0.2,0.6
2025-08-12,2025-08-12 09:30:27.900,MO2508-C-7700,0.6,0.2,0.6
2025-08-12,2025-08-12 09:30:28.400,MO2508-C-7700,0.6,0.2,0.6
2025-08-12,2025-08-12 09:30:28.900,MO2508-C-7700,0.6,0.2,0.6
2025-08-12,2025-08-12 09:30:37.900,MO2508-C-7700,0.6,0.2,0.6
2025-08-12,2025-08-12 09:30:38.400,MO2508-C-7700,0.6,0.2,0.6
2025-08-12,2025-08-12 09:30:38.900,MO2508-C-7700,0.6,0.2,0.6
2025-08-12,2025-08-12 09:30:39.900,MO2508-C-7700,0.6,0.4,0.6
2025-08-12,2025-08-12 09:30:40.400,MO2508-C-7700,0.4,0.4,0.6
2025-08-12,2025-08-12 09:30:40.900,MO2508-C-7700,0.4,0.4,0.6
2025-08-12,2025-08-12 09:30:41.400,MO2508-C-7700,0.4,0.4,0.6
2025-08-12,2025-08-12 09:30:41.900,MO2508-C-7700,0.4,0.4,0.6
2025-08-12,2025-08-12 09:30:42.400,MO2508-C-7700,0.4,0.4,0.6
2025-08-12,2025-08-12 09:30:47.400,MO2508-C-7700,0.4,0.4,0.6
2025-08-12,2025-08-12 09:30:47.900,MO2508-C-7700,0.6,0.4,0.6
2025-08-12,2025-08-12 09:30:48.400,MO2508-C-7700,0.6,0.4,0.6
2025-08-12,2025-08-12 09:30:48.900,MO2508-C-7700,0.6,0.4,0.6
2025-08-12,2025-08-12 09:30:51.400,MO2508-C-7700,0.6,0.4,0.6
2025-08-12,2025-08-12 09:31:04.400,MO2508-C-7700,0.6,0.4,0.6
2025-08-12,2025-08-12 09:31:12.400,MO2508-C-7700,0.6,0.4,0.6
2025-08-12,2025-08-12 09:31:30.900,MO2508-C-7700,0.6,0.2,0.6
2025-08-12,2025-08-12 09:31:31.400,MO2508-C-7700,0.6,0.2,0.6
2025-08-12,2025-08-12 09:31:31.900,MO2508-C-7700,0.6,0.2,0.6
2025-08-12,2025-08-12 09:31:35.400,MO2508-C-7700,0.6,0.2,0.6
2025-08-12,2025-08-12 09:31:46.900,MO2508-C-7700,0.6,0.2,0.4
2025-08-12,2025-08-12 09:31:56.400,MO2508-C-7700,0.6,0.2,0.4
2025-08-12,2025-08-12 09:32:01.900,MO2508-C-7700,0.6,0.2,0.4
2025-08-12,2025-08-12 09:32:02.400,MO2508-C-7700,0.6,0.2,0.4
2025-08-12,2025-08-12 09:32:03.400,MO2508-C-7700,0.6,0.2,0.4
2025-08-12,2025-08-12 09:32:16.400,MO2508-C-7700,0.6,0.2,0.4
2025-08-12,2025-08-12 09:32:16.900,MO2508-C-7700,0.6,0.2,0.4
2025-08-12,2025-08-12 09:32:17.400,MO2508-C-7700,0.6,0.2,0.4
2025-08-12,2025-08-12 09:32:20.900,MO2508-C-7700,0.6,0.2,0.4
2025-08-12,2025-08-12 09:32:22.400,MO2508-C-7700,0.6,0.2,0.4
2025-08-12,2025-08-12 09:32:28.900,MO2508-C-7700,0.6,0.2,0.4
2025-08-12,2025-08-12 09:32:39.900,MO2508-C-7700,0.6,0.2,0.4
2025-08-12,2025-08-12 09:32:40.400,MO2508-C-7700,0.6,0.2,0.4
2025-08-12,2025-08-12 09:32:41.900,MO2508-C-7700,0.6,0.2,0.4
2025-08-12,2025-08-12 09:32:45.900,MO2508-C-7700,0.6,0.2,0.4
2025-08-12,2025-08-12 09:32:50.900,MO2508-C-7700,0.6,0.2,0.4
2025-08-12,2025-08-12 09:32:51.400,MO2508-C-7700,0.6,0.2,0.4
2025-08-12,2025-08-12 09:32:52.400,MO2508-C-7700,0.6,0.2,0.4
2025-08-12,2025-08-12 09:32:53.900,MO2508-C-7700,0.6,0.2,0.4
2025-08-12,2025-08-12 09:32:54.900,MO2508-C-7700,0.6,0.2,0.4
2025-08-12,2025-08-12 09:32:55.400,MO2508-C-7700,0.6,0.2,0.4
2025-08-12,2025-08-12 09:36:01.900,MO2508-C-7700,0.6,0.2,0.4
2025-08-12,2025-08-12 09:36:02.400,MO2508-C-7700,0.6,0.2,0.4
2025-08-12,2025-08-12 09:36:52.400,MO2508-C-7700,0.6,0.2,0.4
2025-08-12,2025-08-12 09:38:03.400,MO2508-C-7700,0.6,0.2,0.4
2025-08-12,2025-08-12 09:38:03.900,MO2508-C-7700,0.6,0.2,0.4
2025-08-12,2025-08-12 09:39:03.400,MO2508-C-7700,0.6,0.2,0.4
2025-08-12,2025-08-12 09:39:03.900,MO2508-C-7700,0.6,0.2,0.4
2025-08-12,2025-08-12 09:40:21.900,MO2508-C-7700,0.6,0.2,0.4
2025-08-12,2025-08-12 09:40:22.400,MO2508-C-7700,0.6,0.2,0.4
2025-08-12,2025-08-12 09:40:37.900,MO2508-C-7700,0.6,0.2,0.4
2025-08-12,2025-08-12 09:40:38.400,MO2508-C-7700,0.6,0.2,0.4
2025-08-12,2025-08-12 09:41:07.900,MO2508-C-7700,0.6,0.2,0.4
2025-08-12,2025-08-12 09:41:08.900,MO2508-C-7700,0.6,0.2,0.4
2025-08-12,2025-08-12 09:41:09.400,MO2508-C-7700,0.6,0.2,0.4
2025-08-12,2025-08-12 09:41:10.400,MO2508-C-7700,0.6,0.2,0.4
2025-08-12,2025-08-12 09:42:16.900,MO2508-C-7700,0.6,0.2,0.4
2025-08-12,2025-08-12 09:42:17.400,MO2508-C-7700,0.6,0.2,0.4
2025-08-12,2025-08-12 09:42:58.400,MO2508-C-7700,0.6,0.2,0.4
2025-08-12,2025-08-12 09:42:59.400,MO2508-C-7700,0.6,0.2,0.4
2025-08-12,2025-08-12 09:43:02.400,MO2508-C-7700,0.6,0.2,0.4
2025-08-12,2025-08-12 09:43:02.900,MO2508-C-7700,0.6,0.2,0.4
2025-08-12,2025-08-12 09:43:03.400,MO2508-C-7700,0.6,0.2,0.4
2025-08-12,2025-08-12 09:43:03.900,MO2508-C-7700,0.6,0.2,0.4
2025-08-12,2025-08-12 09:43:38.400,MO2508-C-7700,0.6,0.2,0.4
2025-08-12,2025-08-12 09:43:38.900,MO2508-C-7700,0.6,0.2,0.4
2025-08-12,2025-08-12 09:43:49.400,MO2508-C-7700,0.6,0.2,0.4
2025-08-12,2025-08-12 09:43:49.900,MO2508-C-7700,0.6,0.2,0.4
2025-08-12,2025-08-12 09:43:50.400,MO2508-C-7700,0.6,0.2,0.4
2025-08-12,2025-08-12 09:43:50.900,MO2508-C-7700,0.6,0.2,0.4
2025-08-12,2025-08-12 09:43:54.400,MO2508-C-7700,0.6,0.2,0.4
2025-08-12,2025-08-12 09:44:16.900,MO2508-C-7700,0.6,0.2,0.4
2025-08-12,2025-08-12 09:44:33.900,MO2508-C-7700,0.6,0.2,0.6
2025-08-12,2025-08-12 09:44:34.400,MO2508-C-7700,0.6,0.2,0.4
2025-08-12,2025-08-12 09:44:34.900,MO2508-C-7700,0.6,0.2,0.4
2025-08-12,2025-08-12 09:44:35.400,MO2508-C-7700,0.6,0.2,0.4
2025-08-12,2025-08-12 09:44:51.400,MO2508-C-7700,0.6,0.2,0.4
2025-08-12,2025-08-12 09:44:51.900,MO2508-C-7700,0.6,0.2,0.4
2025-08-12,2025-08-12 09:45:06.400,MO2508-C-7700,0.6,0.2,0.4
2025-08-12,2025-08-12 09:45:06.900,MO2508-C-7700,0.6,0.2,0.4
2025-08-12,2025-08-12 09:45:23.900,MO2508-C-7700,0.6,0.2,0.4
2025-08-12,2025-08-12 09:45:24.900,MO2508-C-7700,0.6,0.2,0.4
2025-08-12,2025-08-12 09:45:26.400,MO2508-C-7700,0.6,0.2,0.4
2025-08-12,2025-08-12 09:45:26.900,MO2508-C-7700,0.6,0.2,0.4
2025-08-12,2025-08-12 09:46:01.900,MO2508-C-7700,0.6,0.2,0.6
2025-08-12,2025-08-12 09:46:02.400,MO2508-C-7700,0.6,0.2,0.6
2025-08-12,2025-08-12 09:46:02.900,MO2508-C-7700,0.6,0.2,0.6
2025-08-12,2025-08-12 09:46:03.900,MO2508-C-7700,0.6,0.2,0.6
2025-08-12,2025-08-12 09:46:06.900,MO2508-C-7700,0.6,0.2,0.6
2025-08-12,2025-08-12 09:46:08.400,MO2508-C-7700,0.6,0.2,0.6
2025-08-12,2025-08-12 09:46:09.400,MO2508-C-7700,0.6,0.2,0.6
2025-08-12,2025-08-12 09:46:11.400,MO2508-C-7700,0.6,0.2,0.6
2025-08-12,2025-08-12 09:46:12.400,MO2508-C-7700,0.6,0.2,0.6
2025-08-12,2025-08-12 09:46:12.900,MO2508-C-7700,0.6,0.2,0.6
2025-08-12,2025-08-12 09:46:13.400,MO2508-C-7700,0.6,0.2,0.6
2025-08-12,2025-08-12 09:46:14.400,MO2508-C-7700,0.6,0.2,0.6
2025-08-12,2025-08-12 09:46:15.900,MO2508-C-7700,0.6,0.2,0.6
2025-08-12,2025-08-12 09:46:16.400,MO2508-C-7700,0.6,0.2,0.6
2025-08-12,2025-08-12 09:46:17.400,MO2508-C-7700,0.6,0.2,0.6
2025-08-12,2025-08-12 09:46:17.900,MO2508-C-7700,0.6,0.2,0.6
2025-08-12,2025-08-12 09:46:18.400,MO2508-C-7700,0.6,0.2,0.6
2025-08-12,2025-08-12 09:46:18.900,MO2508-C-7700,0.6,0.2,0.6
2025-08-12,2025-08-12 09:46:19.900,MO2508-C-7700,0.6,0.2,0.6
2025-08-12,2025-08-12 09:46:20.900,MO2508-C-7700,0.6,0.2,0.6
2025-08-12,2025-08-12 09:46:21.400,MO2508-C-7700,0.6,0.2,0.6
2025-08-12,2025-08-12 09:46:23.400,MO2508-C-7700,0.6,0.2,0.6
2025-08-12,2025-08-12 09:46:23.900,MO2508-C-7700,0.6,0.2,0.6
2025-08-12,2025-08-12 09:46:25.400,MO2508-C-7700,0.6,0.2,0.6
2025-08-12,2025-08-12 09:46:25.900,MO2508-C-7700,0.6,0.2,0.6
2025-08-12,2025-08-12 09:46:26.900,MO2508-C-7700,0.6,0.2,0.6
2025-08-12,2025-08-12 09:46:27.400,MO2508-C-7700,0.6,0.2,0.6
2025-08-12,2025-08-12 09:46:29.900,MO2508-C-7700,0.6,0.2,0.6
2025-08-12,2025-08-12 09:46:30.400,MO2508-C-7700,0.6,0.2,0.6
2025-08-12,2025-08-12 09:46:31.400,MO2508-C-7700,0.6,0.2,0.6
2025-08-12,2025-08-12 09:46:31.900,MO2508-C-7700,0.6,0.2,0.6
2025-08-12,2025-08-12 09:46:33.900,MO2508-C-7700,0.6,0.2,0.6
2025-08-12,2025-08-12 09:46:35.900,MO2508-C-7700,0.6,0.2,0.6
2025-08-12,2025-08-12 09:46:36.400,MO2508-C-7700,0.6,0.2,0.6
2025-08-12,2025-08-12 09:46:36.900,MO2508-C-7700,0.6,0.2,0.6
2025-08-12,2025-08-12 09:46:37.400,MO2508-C-7700,0.6,0.2,0.6
2025-08-12,2025-08-12 09:46:39.400,MO2508-C-7700,0.6,0.2,0.6
2025-08-12,2025-08-12 09:46:40.900,MO2508-C-7700,0.6,0.2,0.6
2025-08-12,2025-08-12 09:46:41.900,MO2508-C-7700,0.6,0.2,0.6
2025-08-12,2025-08-12 09:46:43.400,MO2508-C-7700,0.6,0.2,0.6
2025-08-12,2025-08-12 09:46:43.900,MO2508-C-7700,0.6,0.2,0.6
2025-08-12,2025-08-12 09:46:44.900,MO2508-C-7700,0.6,0.2,0.6
2025-08-12,2025-08-12 09:46:45.400,MO2508-C-7700,0.6,0.2,0.6
2025-08-12,2025-08-12 09:46:46.400,MO2508-C-7700,0.6,0.2,0.6
2025-08-12,2025-08-12 09:46:47.900,MO2508-C-7700,0.6,0.2,0.6
2025-08-12,2025-08-12 09:46:48.400,MO2508-C-7700,0.6,0.2,0.6
2025-08-12,2025-08-12 09:46:48.900,MO2508-C-7700,0.6,0.2,0.6
2025-08-12,2025-08-12 09:46:49.400,MO2508-C-7700,0.6,0.2,0.6
2025-08-12,2025-08-12 09:46:49.900,MO2508-C-7700,0.6,0.2,0.6
2025-08-12,2025-08-12 09:46:50.400,MO2508-C-7700,0.6,0.2,0.6
2025-08-12,2025-08-12 09:46:50.900,MO2508-C-7700,0.6,0.2,0.6
2025-08-12,2025-08-12 09:46:51.400,MO2508-C-7700,0.6,0.2,0.6
2025-08-12,2025-08-12 09:46:52.400,MO2508-C-7700,0.6,0.2,0.6
2025-08-12,2025-08-12 09:46:53.900,MO2508-C-7700,0.6,0.2,0.6
2025-08-12,2025-08-12 09:46:54.400,MO2508-C-7700,0.6,0.2,0.6
2025-08-12,2025-08-12 09:46:54.900,MO2508-C-7700,0.6,0.2,0.6
2025-08-12,2025-08-12 09:46:56.400,MO2508-C-7700,0.6,0.2,0.6
2025-08-12,2025-08-12 09:46:57.900,MO2508-C-7700,0.6,0.2,0.6
2025-08-12,2025-08-12 09:46:58.400,MO2508-C-7700,0.6,0.2,0.6
2025-08-12,2025-08-12 09:46:59.400,MO2508-C-7700,0.6,0.2,0.6
2025-08-12,2025-08-12 09:46:59.900,MO2508-C-7700,0.6,0.2,0.6
2025-08-12,2025-08-12 09:47:02.400,MO2508-C-7700,0.6,0.2,0.6
2025-08-12,2025-08-12 09:47:02.900,MO2508-C-7700,0.6,0.2,0.6
2025-08-12,2025-08-12 09:47:03.400,MO2508-C-7700,0.6,0.2,0.6
2025-08-12,2025-08-12 09:47:03.900,MO2508-C-7700,0.6,0.2,0.6
2025-08-12,2025-08-12 09:47:04.400,MO2508-C-7700,0.6,0.2,0.6
2025-08-12,2025-08-12 09:47:04.900,MO2508-C-7700,0.6,0.2,0.6
2025-08-12,2025-08-12 09:47:08.400,MO2508-C-7700,0.6,0.2,0.6
2025-08-12,2025-08-12 09:47:09.400,MO2508-C-7700,0.6,0.2,0.6
2025-08-12,2025-08-12 09:47:09.900,MO2508-C-7700,0.6,0.2,0.6
2025-08-12,2025-08-12 09:47:10.900,MO2508-C-7700,0.6,0.2,0.6
2025-08-12,2025-08-12 09:47:13.400,MO2508-C-7700,0.6,0.2,0.6
2025-08-12,2025-08-12 09:47:13.900,MO2508-C-7700,0.6,0.2,0.6
2025-08-12,2025-08-12 09:47:14.900,MO2508-C-7700,0.6,0.2,0.6
2025-08-12,2025-08-12 09:47:16.400,MO2508-C-7700,0.6,0.2,0.6
2025-08-12,2025-08-12 09:47:19.400,MO2508-C-7700,0.6,0.2,0.6
2025-08-12,2025-08-12 09:47:21.400,MO2508-C-7700,0.6,0.2,0.6
2025-08-12,2025-08-12 09:47:22.400,MO2508-C-7700,0.6,0.2,0.6
2025-08-12,2025-08-12 09:47:23.400,MO2508-C-7700,0.6,0.2,0.6
2025-08-12,2025-08-12 09:47:24.400,MO2508-C-7700,0.6,0.2,0.6
2025-08-12,2025-08-12 09:47:24.900,MO2508-C-7700,0.6,0.2,0.6
2025-08-12,2025-08-12 09:47:25.400,MO2508-C-7700,0.6,0.2,0.6
2025-08-12,2025-08-12 09:47:25.900,MO2508-C-7700,0.6,0.2,0.6
2025-08-12,2025-08-12 09:47:26.400,MO2508-C-7700,0.6,0.2,0.6
2025-08-12,2025-08-12 09:47:26.900,MO2508-C-7700,0.6,0.2,0.6
2025-08-12,2025-08-12 09:47:27.400,MO2508-C-7700,0.6,0.2,0.6
2025-08-12,2025-08-12 09:47:27.900,MO2508-C-7700,0.6,0.2,0.6
2025-08-12,2025-08-12 09:47:28.900,MO2508-C-7700,0.6,0.2,0.6
2025-08-12,2025-08-12 09:47:29.900,MO2508-C-7700,0.6,0.2,0.6
2025-08-12,2025-08-12 09:47:30.400,MO2508-C-7700,0.6,0.2,0.6
2025-08-12,2025-08-12 09:47:31.900,MO2508-C-7700,0.6,0.2,0.6
2025-08-12,2025-08-12 09:47:33.400,MO2508-C-7700,0.6,0.2,0.6
2025-08-12,2025-08-12 09:47:34.900,MO2508-C-7700,0.6,0.2,0.6
2025-08-12,2025-08-12 09:47:36.400,MO2508-C-7700,0.6,0.2,0.6
2025-08-12,2025-08-12 09:47:36.900,MO2508-C-7700,0.6,0.2,0.6
2025-08-12,2025-08-12 09:47:37.400,MO2508-C-7700,0.6,0.2,0.6
2025-08-12,2025-08-12 09:47:38.400,MO2508-C-7700,0.6,0.2,0.6
2025-08-12,2025-08-12 09:47:38.900,MO2508-C-7700,0.6,0.2,0.6
2025-08-12,2025-08-12 09:47:39.900,MO2508-C-7700,0.6,0.2,0.6
2025-08-12,2025-08-12 09:47:40.400,MO2508-C-7700,0.6,0.2,0.6
2025-08-12,2025-08-12 09:47:40.900,MO2508-C-7700,0.6,0.2,0.6
2025-08-12,2025-08-12 09:47:41.400,MO2508-C-7700,0.6,0.2,0.6
2025-08-12,2025-08-12 09:47:41.900,MO2508-C-7700,0.6,0.2,0.6
2025-08-12,2025-08-12 09:47:42.400,MO2508-C-7700,0.6,0.2,0.6
2025-08-12,2025-08-12 09:47:42.900,MO2508-C-7700,0.6,0.2,0.6
2025-08-12,2025-08-12 09:47:43.400,MO2508-C-7700,0.6,0.2,0.6
2025-08-12,2025-08-12 09:47:43.900,MO2508-C-7700,0.6,0.2,0.6
2025-08-12,2025-08-12 09:47:44.400,MO2508-C-7700,0.6,0.2,0.6
2025-08-12,2025-08-12 09:47:44.900,MO2508-C-7700,0.6,0.2,0.6
2025-08-12,2025-08-12 09:47:45.400,MO2508-C-7700,0.6,0.2,0.6
2025-08-12,2025-08-12 09:47:46.900,MO2508-C-7700,0.6,0.2,0.6
2025-08-12,2025-08-12 09:47:47.900,MO2508-C-7700,0.6,0.2,0.6
2025-08-12,2025-08-12 09:47:48.900,MO2508-C-7700,0.6,0.2,0.6
2025-08-12,2025-08-12 09:47:51.400,MO2508-C-7700,0.6,0.2,0.6
2025-08-12,2025-08-12 09:47:51.900,MO2508-C-7700,0.6,0.2,0.6
2025-08-12,2025-08-12 09:47:52.400,MO2508-C-7700,0.6,0.2,0.6
2025-08-12,2025-08-12 09:47:53.400,MO2508-C-7700,0.6,0.2,0.6
2025-08-12,2025-08-12 09:47:54.400,MO2508-C-7700,0.6,0.2,0.6
2025-08-12,2025-08-12 09:47:54.900,MO2508-C-7700,0.6,0.2,0.6
2025-08-12,2025-08-12 09:47:55.400,MO2508-C-7700,0.6,0.2,0.6
2025-08-12,2025-08-12 09:47:57.400,MO2508-C-7700,0.6,0.2,0.6
2025-08-12,2025-08-12 09:47:57.900,MO2508-C-7700,0.6,0.2,0.6
2025-08-12,2025-08-12 09:48:00.400,MO2508-C-7700,0.6,0.2,0.6
2025-08-12,2025-08-12 09:48:01.400,MO2508-C-7700,0.6,0.2,0.6
2025-08-12,2025-08-12 09:48:01.900,MO2508-C-7700,0.6,0.2,0.6
2025-08-12,2025-08-12 09:48:02.400,MO2508-C-7700,0.6,0.2,0.6
2025-08-12,2025-08-12 09:48:03.400,MO2508-C-7700,0.6,0.2,0.6
2025-08-12,2025-08-12 09:48:04.900,MO2508-C-7700,0.6,0.2,0.6
2025-08-12,2025-08-12 09:48:05.900,MO2508-C-7700,0.6,0.2,0.6
2025-08-12,2025-08-12 09:48:06.400,MO2508-C-7700,0.6,0.2,0.6
2025-08-12,2025-08-12 09:48:06.900,MO2508-C-7700,0.6,0.2,0.6
2025-08-12,2025-08-12 09:48:07.900,MO2508-C-7700,0.6,0.2,0.6
2025-08-12,2025-08-12 09:48:10.400,MO2508-C-7700,0.6,0.2,0.6
2025-08-12,2025-08-12 09:48:10.900,MO2508-C-7700,0.6,0.2,0.6
2025-08-12,2025-08-12 09:48:11.900,MO2508-C-7700,0.6,0.2,0.6
2025-08-12,2025-08-12 09:48:12.900,MO2508-C-7700,0.6,0.2,0.6
2025-08-12,2025-08-12 09:48:13.900,MO2508-C-7700,0.6,0.2,0.6
2025-08-12,2025-08-12 09:48:15.400,MO2508-C-7700,0.6,0.2,0.6
2025-08-12,2025-08-12 09:48:16.400,MO2508-C-7700,0.6,0.2,0.6
2025-08-12,2025-08-12 09:48:18.900,MO2508-C-7700,0.6,0.2,0.6
2025-08-12,2025-08-12 09:48:20.400,MO2508-C-7700,0.6,0.2,0.6
2025-08-12,2025-08-12 09:48:20.900,MO2508-C-7700,0.6,0.2,0.6
2025-08-12,2025-08-12 09:48:25.400,MO2508-C-7700,0.6,0.2,0.6
2025-08-12,2025-08-12 09:48:25.900,MO2508-C-7700,0.6,0.2,0.6
2025-08-12,2025-08-12 09:48:26.400,MO2508-C-7700,0.6,0.2,0.6
2025-08-12,2025-08-12 09:48:26.900,MO2508-C-7700,0.6,0.2,0.6
2025-08-12,2025-08-12 09:48:27.900,MO2508-C-7700,0.6,0.2,0.6
2025-08-12,2025-08-12 09:48:28.900,MO2508-C-7700,0.6,0.2,0.6
2025-08-12,2025-08-12 09:48:29.900,MO2508-C-7700,0.6,0.2,0.6
2025-08-12,2025-08-12 09:48:30.400,MO2508-C-7700,0.6,0.2,0.6
2025-08-12,2025-08-12 09:48:30.900,MO2508-C-7700,0.6,0.2,0.6
2025-08-12,2025-08-12 09:48:31.400,MO2508-C-7700,0.6,0.2,0.6
2025-08-12,2025-08-12 09:48:31.900,MO2508-C-7700,0.6,0.2,0.6
2025-08-12,2025-08-12 09:48:32.900,MO2508-C-7700,0.6,0.2,0.6
2025-08-12,2025-08-12 09:48:33.400,MO2508-C-7700,0.6,0.2,0.6
2025-08-12,2025-08-12 09:48:34.400,MO2508-C-7700,0.6,0.2,0.6
2025-08-12,2025-08-12 09:48:34.900,MO2508-C-7700,0.6,0.2,0.6
2025-08-12,2025-08-12 09:48:35.400,MO2508-C-7700,0.6,0.2,0.6
2025-08-12,2025-08-12 09:48:36.900,MO2508-C-7700,0.6,0.2,0.6
2025-08-12,2025-08-12 09:48:37.400,MO2508-C-7700,0.6,0.2,0.6
2025-08-12,2025-08-12 09:48:37.900,MO2508-C-7700,0.6,0.2,0.6
2025-08-12,2025-08-12 09:48:38.400,MO2508-C-7700,0.6,0.2,0.6
2025-08-12,2025-08-12 09:48:38.900,MO2508-C-7700,0.6,0.2,0.6
2025-08-12,2025-08-12 09:48:39.400,MO2508-C-7700,0.6,0.2,0.6
2025-08-12,2025-08-12 09:48:40.400,MO2508-C-7700,0.6,0.2,0.6
2025-08-12,2025-08-12 09:48:41.900,MO2508-C-7700,0.6,0.2,0.6
2025-08-12,2025-08-12 09:48:42.400,MO2508-C-7700,0.6,0.2,0.6
2025-08-12,2025-08-12 09:48:43.400,MO2508-C-7700,0.6,0.2,0.6
2025-08-12,2025-08-12 09:48:45.400,MO2508-C-7700,0.6,0.2,0.6
2025-08-12,2025-08-12 09:48:45.900,MO2508-C-7700,0.6,0.2,0.6
2025-08-12,2025-08-12 09:48:46.400,MO2508-C-7700,0.6,0.2,0.6
2025-08-12,2025-08-12 09:48:46.900,MO2508-C-7700,0.6,0.2,0.6
2025-08-12,2025-08-12 09:48:47.900,MO2508-C-7700,0.6,0.2,0.6
2025-08-12,2025-08-12 09:48:50.400,MO2508-C-7700,0.6,0.2,0.6
2025-08-12,2025-08-12 09:48:50.900,MO2508-C-7700,0.6,0.2,0.6
2025-08-12,2025-08-12 09:48:52.900,MO2508-C-7700,0.6,0.2,0.6
2025-08-12,2025-08-12 09:48:53.400,MO2508-C-7700,0.6,0.2,0.6
2025-08-12,2025-08-12 09:48:55.900,MO2508-C-7700,0.6,0.2,0.6
2025-08-12,2025-08-12 09:48:56.900,MO2508-C-7700,0.6,0.2,0.6
2025-08-12,2025-08-12 09:48:57.900,MO2508-C-7700,0.6,0.2,0.6
2025-08-12,2025-08-12 09:48:58.400,MO2508-C-7700,0.6,0.2,0.6
2025-08-12,2025-08-12 09:48:58.900,MO2508-C-7700,0.6,0.2,0.6
2025-08-12,2025-08-12 09:48:59.400,MO2508-C-7700,0.6,0.2,0.6
2025-08-12,2025-08-12 09:48:59.900,MO2508-C-7700,0.6,0.2,0.6
2025-08-12,2025-08-12 09:49:00.400,MO2508-C-7700,0.6,0.2,0.6
2025-08-12,2025-08-12 09:49:01.400,MO2508-C-7700,0.6,0.2,0.6
2025-08-12,2025-08-12 09:49:03.400,MO2508-C-7700,0.6,0.2,0.6
2025-08-12,2025-08-12 09:49:04.400,MO2508-C-7700,0.6,0.2,0.6
2025-08-12,2025-08-12 09:49:05.400,MO2508-C-7700,0.6,0.2,0.6
2025-08-12,2025-08-12 09:49:07.900,MO2508-C-7700,0.6,0.2,0.6
2025-08-12,2025-08-12 09:49:08.400,MO2508-C-7700,0.6,0.2,0.6
2025-08-12,2025-08-12 09:49:08.900,MO2508-C-7700,0.6,0.2,0.6
2025-08-12,2025-08-12 09:49:09.400,MO2508-C-7700,0.6,0.2,0.6
2025-08-12,2025-08-12 09:49:11.400,MO2508-C-7700,0.6,0.2,0.6
2025-08-12,2025-08-12 09:49:11.900,MO2508-C-7700,0.6,0.2,0.6
2025-08-12,2025-08-12 09:49:13.400,MO2508-C-7700,0.6,0.2,0.6
2025-08-12,2025-08-12 09:49:14.400,MO2508-C-7700,0.6,0.2,0.6
2025-08-12,2025-08-12 09:49:14.900,MO2508-C-7700,0.6,0.2,0.6
2025-08-12,2025-08-12 09:49:15.400,MO2508-C-7700,0.6,0.2,0.6
2025-08-12,2025-08-12 09:49:16.400,MO2508-C-7700,0.6,0.2,0.6
2025-08-12,2025-08-12 09:49:17.400,MO2508-C-7700,0.6,0.2,0.6
2025-08-12,2025-08-12 09:49:19.900,MO2508-C-7700,0.6,0.2,0.6
2025-08-12,2025-08-12 09:49:21.900,MO2508-C-7700,0.6,0.2,0.6
2025-08-12,2025-08-12 09:49:22.900,MO2508-C-7700,0.6,0.2,0.6
2025-08-12,2025-08-12 09:49:23.900,MO2508-C-7700,0.6,0.2,0.6
2025-08-12,2025-08-12 09:49:24.900,MO2508-C-7700,0.6,0.2,0.6
2025-08-12,2025-08-12 09:49:25.400,MO2508-C-7700,0.6,0.2,0.6
2025-08-12,2025-08-12 09:49:26.900,MO2508-C-7700,0.6,0.2,0.6
2025-08-12,2025-08-12 09:49:27.400,MO2508-C-7700,0.6,0.2,0.6
2025-08-12,2025-08-12 09:49:28.400,MO2508-C-7700,0.6,0.2,0.6
2025-08-12,2025-08-12 09:49:28.900,MO2508-C-7700,0.6,0.2,0.6
2025-08-12,2025-08-12 09:49:29.400,MO2508-C-7700,0.6,0.2,0.6
2025-08-12,2025-08-12 09:49:31.900,MO2508-C-7700,0.6,0.2,0.6
2025-08-12,2025-08-12 09:49:32.400,MO2508-C-7700,0.6,0.2,0.6
2025-08-12,2025-08-12 09:49:33.400,MO2508-C-7700,0.6,0.2,0.6
2025-08-12,2025-08-12 09:49:33.900,MO2508-C-7700,0.6,0.2,0.6
2025-08-12,2025-08-12 09:49:34.400,MO2508-C-7700,0.6,0.2,0.6
2025-08-12,2025-08-12 09:49:35.400,MO2508-C-7700,0.6,0.2,0.6
2025-08-12,2025-08-12 09:49:36.400,MO2508-C-7700,0.6,0.2,0.6
2025-08-12,2025-08-12 09:49:37.400,MO2508-C-7700,0.6,0.2,0.6
2025-08-12,2025-08-12 09:49:39.400,MO2508-C-7700,0.6,0.2,0.6
2025-08-12,2025-08-12 09:49:40.400,MO2508-C-7700,0.6,0.2,0.6
2025-08-12,2025-08-12 09:49:40.900,MO2508-C-7700,0.6,0.2,0.6
2025-08-12,2025-08-12 09:49:41.400,MO2508-C-7700,0.6,0.2,0.6
2025-08-12,2025-08-12 09:49:42.400,MO2508-C-7700,0.6,0.2,0.6
2025-08-12,2025-08-12 09:49:42.900,MO2508-C-7700,0.6,0.2,0.6
2025-08-12,2025-08-12 09:49:43.900,MO2508-C-7700,0.6,0.2,0.6
2025-08-12,2025-08-12 09:49:44.900,MO2508-C-7700,0.6,0.2,0.6
2025-08-12,2025-08-12 09:49:45.900,MO2508-C-7700,0.6,0.2,0.6
2025-08-12,2025-08-12 09:49:46.400,MO2508-C-7700,0.6,0.2,0.6
2025-08-12,2025-08-12 09:49:47.900,MO2508-C-7700,0.6,0.2,0.6
2025-08-12,2025-08-12 09:49:48.400,MO2508-C-7700,0.6,0.2,0.6
2025-08-12,2025-08-12 09:49:48.900,MO2508-C-7700,0.6,0.2,0.6
2025-08-12,2025-08-12 09:49:49.400,MO2508-C-7700,0.6,0.2,0.6
2025-08-12,2025-08-12 09:49:49.900,MO2508-C-7700,0.6,0.2,0.6
2025-08-12,2025-08-12 09:49:50.400,MO2508-C-7700,0.6,0.2,0.6
2025-08-12,2025-08-12 09:49:50.900,MO2508-C-7700,0.6,0.2,0.6
2025-08-12,2025-08-12 09:49:51.400,MO2508-C-7700,0.6,0.2,0.6
2025-08-12,2025-08-12 09:49:51.900,MO2508-C-7700,0.6,0.2,0.6
2025-08-12,2025-08-12 09:49:52.400,MO2508-C-7700,0.6,0.2,0.6
2025-08-12,2025-08-12 09:49:52.900,MO2508-C-7700,0.6,0.2,0.6
2025-08-12,2025-08-12 09:49:54.400,MO2508-C-7700,0.6,0.2,0.6
2025-08-12,2025-08-12 09:49:54.900,MO2508-C-7700,0.6,0.2,0.6
2025-08-12,2025-08-12 09:49:57.400,MO2508-C-7700,0.6,0.2,0.6
2025-08-12,2025-08-12 09:49:57.900,MO2508-C-7700,0.6,0.2,0.6
2025-08-12,2025-08-12 09:49:59.400,MO2508-C-7700,0.6,0.2,0.6
2025-08-12,2025-08-12 09:49:59.900,MO2508-C-7700,0.6,0.2,0.6
2025-08-12,2025-08-12 09:50:00.400,MO2508-C-7700,0.6,0.2,0.6
2025-08-12,2025-08-12 09:50:01.900,MO2508-C-7700,0.6,0.2,0.6
2025-08-12,2025-08-12 09:50:02.400,MO2508-C-7700,0.6,0.2,0.6
2025-08-12,2025-08-12 09:50:03.400,MO2508-C-7700,0.6,0.2,0.6
2025-08-12,2025-08-12 09:50:05.400,MO2508-C-7700,0.6,0.2,0.6
2025-08-12,2025-08-12 09:50:06.400,MO2508-C-7700,0.6,0.2,0.6
2025-08-12,2025-08-12 09:50:07.900,MO2508-C-7700,0.6,0.2,0.6
2025-08-12,2025-08-12 09:50:08.900,MO2508-C-7700,0.6,0.2,0.6
2025-08-12,2025-08-12 09:50:09.900,MO2508-C-7700,0.6,0.2,0.6
2025-08-12,2025-08-12 09:50:10.400,MO2508-C-7700,0.6,0.2,0.6
2025-08-12,2025-08-12 09:50:11.900,MO2508-C-7700,0.6,0.2,0.6
2025-08-12,2025-08-12 09:50:12.400,MO2508-C-7700,0.6,0.2,0.6
2025-08-12,2025-08-12 09:50:13.900,MO2508-C-7700,0.6,0.2,0.6
2025-08-12,2025-08-12 09:50:14.900,MO2508-C-7700,0.6,0.2,0.6
2025-08-12,2025-08-12 09:50:15.400,MO2508-C-7700,0.6,0.2,0.6
2025-08-12,2025-08-12 09:50:15.900,MO2508-C-7700,0.6,0.2,0.6
2025-08-12,2025-08-12 09:50:16.400,MO2508-C-7700,0.6,0.2,0.6
2025-08-12,2025-08-12 09:50:16.900,MO2508-C-7700,0.6,0.2,0.6
2025-08-12,2025-08-12 09:50:17.400,MO2508-C-7700,0.6,0.2,0.6
2025-08-12,2025-08-12 09:50:17.900,MO2508-C-7700,0.6,0.2,0.6
2025-08-12,2025-08-12 09:50:19.400,MO2508-C-7700,0.6,0.2,0.6
2025-08-12,2025-08-12 09:50:20.400,MO2508-C-7700,0.6,0.2,0.6
2025-08-12,2025-08-12 09:50:20.900,MO2508-C-7700,0.6,0.2,0.6
2025-08-12,2025-08-12 09:50:21.900,MO2508-C-7700,0.6,0.2,0.6
2025-08-12,2025-08-12 09:50:22.400,MO2508-C-7700,0.6,0.2,0.6
2025-08-12,2025-08-12 09:50:22.900,MO2508-C-7700,0.6,0.2,0.6
2025-08-12,2025-08-12 09:50:23.900,MO2508-C-7700,0.6,0.2,0.6
2025-08-12,2025-08-12 09:50:24.400,MO2508-C-7700,0.6,0.2,0.6
2025-08-12,2025-08-12 09:50:26.400,MO2508-C-7700,0.6,0.2,0.6
2025-08-12,2025-08-12 09:50:27.400,MO2508-C-7700,0.6,0.2,0.6
2025-08-12,2025-08-12 09:50:27.900,MO2508-C-7700,0.6,0.2,0.6
2025-08-12,2025-08-12 09:50:29.400,MO2508-C-7700,0.6,0.2,0.6
2025-08-12,2025-08-12 09:50:31.400,MO2508-C-7700,0.6,0.2,0.6
2025-08-12,2025-08-12 09:50:32.900,MO2508-C-7700,0.6,0.2,0.6
2025-08-12,2025-08-12 09:50:33.400,MO2508-C-7700,0.6,0.2,0.6
2025-08-12,2025-08-12 09:50:34.400,MO2508-C-7700,0.6,0.2,0.6
2025-08-12,2025-08-12 09:50:35.400,MO2508-C-7700,0.6,0.2,0.6
2025-08-12,2025-08-12 09:50:36.400,MO2508-C-7700,0.6,0.2,0.6
2025-08-12,2025-08-12 09:50:37.400,MO2508-C-7700,0.6,0.2,0.6
2025-08-12,2025-08-12 09:50:37.900,MO2508-C-7700,0.6,0.2,0.6
2025-08-12,2025-08-12 09:50:38.400,MO2508-C-7700,0.6,0.2,0.6
2025-08-12,2025-08-12 09:50:39.900,MO2508-C-7700,0.6,0.2,0.6
2025-08-12,2025-08-12 09:50:40.400,MO2508-C-7700,0.6,0.2,0.6
2025-08-12,2025-08-12 09:50:40.900,MO2508-C-7700,0.6,0.2,0.6
2025-08-12,2025-08-12 09:50:41.400,MO2508-C-7700,0.6,0.2,0.6
2025-08-12,2025-08-12 09:50:41.900,MO2508-C-7700,0.6,0.2,0.6
2025-08-12,2025-08-12 09:50:42.400,MO2508-C-7700,0.6,0.2,0.6
2025-08-12,2025-08-12 09:50:42.900,MO2508-C-7700,0.6,0.2,0.6
2025-08-12,2025-08-12 09:50:45.900,MO2508-C-7700,0.6,0.2,0.6
2025-08-12,2025-08-12 09:50:48.400,MO2508-C-7700,0.6,0.2,0.6
2025-08-12,2025-08-12 09:50:48.900,MO2508-C-7700,0.6,0.2,0.6
2025-08-12,2025-08-12 09:50:52.400,MO2508-C-7700,0.6,0.2,0.6
2025-08-12,2025-08-12 09:50:52.900,MO2508-C-7700,0.6,0.2,0.6
2025-08-12,2025-08-12 09:50:53.400,MO2508-C-7700,0.6,0.2,0.6
2025-08-12,2025-08-12 09:50:53.900,MO2508-C-7700,0.6,0.2,0.6
2025-08-12,2025-08-12 09:50:54.400,MO2508-C-7700,0.6,0.2,0.6
2025-08-12,2025-08-12 09:50:54.900,MO2508-C-7700,0.6,0.2,0.6
2025-08-12,2025-08-12 09:50:55.400,MO2508-C-7700,0.6,0.2,0.6
2025-08-12,2025-08-12 09:50:56.400,MO2508-C-7700,0.6,0.2,0.6
2025-08-12,2025-08-12 09:50:57.900,MO2508-C-7700,0.6,0.2,0.6
2025-08-12,2025-08-12 09:50:59.900,MO2508-C-7700,0.6,0.2,0.6
2025-08-12,2025-08-12 09:51:00.400,MO2508-C-7700,0.6,0.2,0.6
2025-08-12,2025-08-12 09:51:00.900,MO2508-C-7700,0.6,0.2,0.6
2025-08-12,2025-08-12 09:51:01.900,MO2508-C-7700,0.6,0.2,0.6
2025-08-12,2025-08-12 09:51:02.900,MO2508-C-7700,0.6,0.2,0.6
2025-08-12,2025-08-12 09:51:03.900,MO2508-C-7700,0.6,0.2,0.6
2025-08-12,2025-08-12 09:51:04.400,MO2508-C-7700,0.6,0.2,0.6
2025-08-12,2025-08-12 09:51:05.400,MO2508-C-7700,0.6,0.2,0.6
2025-08-12,2025-08-12 09:51:06.400,MO2508-C-7700,0.6,0.2,0.6
2025-08-12,2025-08-12 09:51:06.900,MO2508-C-7700,0.6,0.2,0.6
2025-08-12,2025-08-12 09:51:07.900,MO2508-C-7700,0.6,0.2,0.6
2025-08-12,2025-08-12 09:51:08.400,MO2508-C-7700,0.6,0.2,0.6
2025-08-12,2025-08-12 09:51:08.900,MO2508-C-7700,0.6,0.2,0.6
2025-08-12,2025-08-12 09:51:09.900,MO2508-C-7700,0.6,0.2,0.6
2025-08-12,2025-08-12 09:51:10.400,MO2508-C-7700,0.6,0.2,0.6
2025-08-12,2025-08-12 09:51:10.900,MO2508-C-7700,0.6,0.2,0.6
2025-08-12,2025-08-12 09:51:11.400,MO2508-C-7700,0.6,0.2,0.6
2025-08-12,2025-08-12 09:51:11.900,MO2508-C-7700,0.6,0.2,0.6
2025-08-12,2025-08-12 09:51:12.400,MO2508-C-7700,0.6,0.2,0.6
2025-08-12,2025-08-12 09:51:13.400,MO2508-C-7700,0.6,0.2,0.6
2025-08-12,2025-08-12 09:51:14.900,MO2508-C-7700,0.6,0.2,0.6
2025-08-12,2025-08-12 09:51:15.400,MO2508-C-7700,0.6,0.2,0.6
2025-08-12,2025-08-12 09:51:15.900,MO2508-C-7700,0.6,0.2,0.6
2025-08-12,2025-08-12 09:51:16.400,MO2508-C-7700,0.6,0.2,0.6
2025-08-12,2025-08-12 09:51:16.900,MO2508-C-7700,0.6,0.2,0.6
2025-08-12,2025-08-12 09:51:17.900,MO2508-C-7700,0.6,0.2,0.6
2025-08-12,2025-08-12 09:51:18.900,MO2508-C-7700,0.6,0.2,0.6
2025-08-12,2025-08-12 09:51:19.400,MO2508-C-7700,0.6,0.2,0.6
2025-08-12,2025-08-12 09:51:19.900,MO2508-C-7700,0.6,0.2,0.6
2025-08-12,2025-08-12 09:51:20.400,MO2508-C-7700,0.6,0.2,0.6
2025-08-12,2025-08-12 09:51:21.900,MO2508-C-7700,0.6,0.2,0.6
2025-08-12,2025-08-12 09:51:22.400,MO2508-C-7700,0.6,0.2,0.6
2025-08-12,2025-08-12 09:51:22.900,MO2508-C-7700,0.6,0.2,0.6
2025-08-12,2025-08-12 09:51:23.900,MO2508-C-7700,0.6,0.2,0.6
2025-08-12,2025-08-12 09:51:24.900,MO2508-C-7700,0.6,0.2,0.6
2025-08-12,2025-08-12 09:51:25.400,MO2508-C-7700,0.6,0.2,0.6
2025-08-12,2025-08-12 09:51:25.900,MO2508-C-7700,0.6,0.2,0.6
2025-08-12,2025-08-12 09:51:26.400,MO2508-C-7700,0.6,0.2,0.6
2025-08-12,2025-08-12 09:51:27.900,MO2508-C-7700,0.6,0.2,0.6
2025-08-12,2025-08-12 09:51:29.400,MO2508-C-7700,0.6,0.2,0.6
2025-08-12,2025-08-12 09:51:29.900,MO2508-C-7700,0.6,0.2,0.6
2025-08-12,2025-08-12 09:51:31.900,MO2508-C-7700,0.6,0.2,0.6
2025-08-12,2025-08-12 09:51:32.400,MO2508-C-7700,0.6,0.2,0.6
2025-08-12,2025-08-12 09:51:32.900,MO2508-C-7700,0.6,0.2,0.6
2025-08-12,2025-08-12 09:51:33.400,MO2508-C-7700,0.6,0.2,0.6
2025-08-12,2025-08-12 09:51:34.900,MO2508-C-7700,0.6,0.2,0.6
2025-08-12,2025-08-12 09:51:37.400,MO2508-C-7700,0.6,0.2,0.6
2025-08-12,2025-08-12 09:51:38.400,MO2508-C-7700,0.6,0.2,0.6
2025-08-12,2025-08-12 09:51:39.400,MO2508-C-7700,0.6,0.2,0.6
2025-08-12,2025-08-12 09:51:41.400,MO2508-C-7700,0.6,0.2,0.6
2025-08-12,2025-08-12 09:51:41.900,MO2508-C-7700,0.6,0.2,0.6
2025-08-12,2025-08-12 09:51:42.900,MO2508-C-7700,0.6,0.2,0.6
2025-08-12,2025-08-12 09:51:43.900,MO2508-C-7700,0.6,0.2,0.6
2025-08-12,2025-08-12 09:51:44.400,MO2508-C-7700,0.6,0.2,0.6
2025-08-12,2025-08-12 09:51:44.900,MO2508-C-7700,0.6,0.2,0.6
2025-08-12,2025-08-12 09:51:45.400,MO2508-C-7700,0.6,0.2,0.6
2025-08-12,2025-08-12 09:51:45.900,MO2508-C-7700,0.6,0.2,0.6
2025-08-12,2025-08-12 09:51:46.400,MO2508-C-7700,0.6,0.2,0.6
2025-08-12,2025-08-12 09:51:46.900,MO2508-C-7700,0.6,0.2,0.6
2025-08-12,2025-08-12 09:51:48.400,MO2508-C-7700,0.6,0.2,0.6
2025-08-12,2025-08-12 09:51:49.900,MO2508-C-7700,0.6,0.2,0.6
2025-08-12,2025-08-12 09:51:51.400,MO2508-C-7700,0.6,0.2,0.6
2025-08-12,2025-08-12 09:51:51.900,MO2508-C-7700,0.6,0.2,0.6
2025-08-12,2025-08-12 09:51:52.400,MO2508-C-7700,0.6,0.2,0.6
2025-08-12,2025-08-12 09:51:53.400,MO2508-C-7700,0.6,0.2,0.6
2025-08-12,2025-08-12 09:51:53.900,MO2508-C-7700,0.6,0.2,0.6
2025-08-12,2025-08-12 09:51:54.900,MO2508-C-7700,0.6,0.2,0.6
2025-08-12,2025-08-12 09:51:55.400,MO2508-C-7700,0.6,0.2,0.6
2025-08-12,2025-08-12 09:51:55.900,MO2508-C-7700,0.6,0.2,0.6
2025-08-12,2025-08-12 09:51:56.400,MO2508-C-7700,0.6,0.2,0.6
2025-08-12,2025-08-12 09:51:56.900,MO2508-C-7700,0.6,0.2,0.6
2025-08-12,2025-08-12 09:51:58.900,MO2508-C-7700,0.6,0.2,0.6
2025-08-12,2025-08-12 09:52:02.400,MO2508-C-7700,0.6,0.2,0.6
2025-08-12,2025-08-12 09:52:02.900,MO2508-C-7700,0.6,0.2,0.6
2025-08-12,2025-08-12 09:52:03.400,MO2508-C-7700,0.6,0.2,0.6
2025-08-12,2025-08-12 09:52:04.400,MO2508-C-7700,0.6,0.2,0.6
2025-08-12,2025-08-12 09:52:04.900,MO2508-C-7700,0.6,0.2,0.6
2025-08-12,2025-08-12 09:52:05.400,MO2508-C-7700,0.6,0.2,0.6
2025-08-12,2025-08-12 09:52:05.900,MO2508-C-7700,0.6,0.2,0.6
2025-08-12,2025-08-12 09:52:06.400,MO2508-C-7700,0.6,0.2,0.6
2025-08-12,2025-08-12 09:52:06.900,MO2508-C-7700,0.6,0.2,0.6
2025-08-12,2025-08-12 09:52:07.900,MO2508-C-7700,0.6,0.2,0.6
2025-08-12,2025-08-12 09:52:08.400,MO2508-C-7700,0.6,0.2,0.6
2025-08-12,2025-08-12 09:52:08.900,MO2508-C-7700,0.6,0.2,0.6
2025-08-12,2025-08-12 09:52:09.400,MO2508-C-7700,0.6,0.2,0.6
2025-08-12,2025-08-12 09:52:10.400,MO2508-C-7700,0.6,0.2,0.6
2025-08-12,2025-08-12 09:52:11.400,MO2508-C-7700,0.6,0.2,0.6
2025-08-12,2025-08-12 09:52:13.900,MO2508-C-7700,0.6,0.2,0.6
2025-08-12,2025-08-12 09:52:14.400,MO2508-C-7700,0.6,0.2,0.6
2025-08-12,2025-08-12 09:52:14.900,MO2508-C-7700,0.6,0.2,0.6
2025-08-12,2025-08-12 09:52:15.400,MO2508-C-7700,0.6,0.2,0.6
2025-08-12,2025-08-12 09:52:15.900,MO2508-C-7700,0.6,0.2,0.6
2025-08-12,2025-08-12 09:52:17.400,MO2508-C-7700,0.6,0.2,0.6
2025-08-12,2025-08-12 09:52:18.900,MO2508-C-7700,0.6,0.2,0.6
2025-08-12,2025-08-12 09:52:20.900,MO2508-C-7700,0.6,0.2,0.6
2025-08-12,2025-08-12 09:52:22.900,MO2508-C-7700,0.6,0.2,0.6
2025-08-12,2025-08-12 09:52:23.400,MO2508-C-7700,0.6,0.2,0.6
2025-08-12,2025-08-12 09:52:24.900,MO2508-C-7700,0.6,0.2,0.6
2025-08-12,2025-08-12 09:52:25.900,MO2508-C-7700,0.6,0.2,0.6
2025-08-12,2025-08-12 09:52:27.400,MO2508-C-7700,0.6,0.2,0.6
2025-08-12,2025-08-12 09:52:28.900,MO2508-C-7700,0.6,0.2,0.6
2025-08-12,2025-08-12 09:52:29.900,MO2508-C-7700,0.6,0.2,0.6
2025-08-12,2025-08-12 09:52:32.400,MO2508-C-7700,0.6,0.2,0.6
2025-08-12,2025-08-12 09:52:34.900,MO2508-C-7700,0.6,0.2,0.6
2025-08-12,2025-08-12 09:52:36.400,MO2508-C-7700,0.6,0.2,0.6
2025-08-12,2025-08-12 09:52:36.900,MO2508-C-7700,0.6,0.2,0.6
2025-08-12,2025-08-12 09:52:37.900,MO2508-C-7700,0.6,0.2,0.6
2025-08-12,2025-08-12 09:52:38.400,MO2508-C-7700,0.6,0.2,0.6
2025-08-12,2025-08-12 09:52:40.400,MO2508-C-7700,0.6,0.2,0.6
2025-08-12,2025-08-12 09:52:40.900,MO2508-C-7700,0.6,0.2,0.6
2025-08-12,2025-08-12 09:52:41.400,MO2508-C-7700,0.6,0.2,0.6
2025-08-12,2025-08-12 09:52:42.900,MO2508-C-7700,0.6,0.2,0.6
2025-08-12,2025-08-12 09:52:44.900,MO2508-C-7700,0.6,0.2,0.6
2025-08-12,2025-08-12 09:52:46.400,MO2508-C-7700,0.6,0.2,0.6
2025-08-12,2025-08-12 09:52:46.900,MO2508-C-7700,0.6,0.2,0.6
2025-08-12,2025-08-12 09:52:47.400,MO2508-C-7700,0.6,0.2,0.6
2025-08-12,2025-08-12 09:52:48.400,MO2508-C-7700,0.6,0.2,0.6
2025-08-12,2025-08-12 09:52:49.400,MO2508-C-7700,0.6,0.2,0.6
2025-08-12,2025-08-12 09:52:50.400,MO2508-C-7700,0.6,0.2,0.6
2025-08-12,2025-08-12 09:52:50.900,MO2508-C-7700,0.6,0.2,0.6
2025-08-12,2025-08-12 09:52:51.900,MO2508-C-7700,0.6,0.2,0.6
2025-08-12,2025-08-12 09:52:52.900,MO2508-C-7700,0.6,0.2,0.6
2025-08-12,2025-08-12 09:52:53.400,MO2508-C-7700,0.6,0.2,0.6
2025-08-12,2025-08-12 09:52:53.900,MO2508-C-7700,0.6,0.2,0.6
2025-08-12,2025-08-12 09:52:54.400,MO2508-C-7700,0.6,0.2,0.6
2025-08-12,2025-08-12 09:52:54.900,MO2508-C-7700,0.6,0.2,0.6
2025-08-12,2025-08-12 09:52:55.400,MO2508-C-7700,0.6,0.2,0.6
2025-08-12,2025-08-12 09:52:55.900,MO2508-C-7700,0.6,0.2,0.6
2025-08-12,2025-08-12 09:52:56.900,MO2508-C-7700,0.6,0.2,0.6
2025-08-12,2025-08-12 09:52:57.400,MO2508-C-7700,0.6,0.2,0.6
2025-08-12,2025-08-12 09:52:57.900,MO2508-C-7700,0.6,0.2,0.6
2025-08-12,2025-08-12 09:52:58.400,MO2508-C-7700,0.6,0.2,0.6
2025-08-12,2025-08-12 09:52:58.900,MO2508-C-7700,0.6,0.2,0.6
2025-08-12,2025-08-12 09:52:59.400,MO2508-C-7700,0.6,0.2,0.6
2025-08-12,2025-08-12 09:53:00.400,MO2508-C-7700,0.6,0.2,0.6
2025-08-12,2025-08-12 09:53:00.900,MO2508-C-7700,0.6,0.2,0.6
2025-08-12,2025-08-12 09:53:01.400,MO2508-C-7700,0.6,0.2,0.6
2025-08-12,2025-08-12 09:53:02.400,MO2508-C-7700,0.6,0.2,0.6
2025-08-12,2025-08-12 09:53:02.900,MO2508-C-7700,0.6,0.2,0.6
2025-08-12,2025-08-12 09:53:03.400,MO2508-C-7700,0.6,0.2,0.6
2025-08-12,2025-08-12 09:53:03.900,MO2508-C-7700,0.6,0.2,0.6
2025-08-12,2025-08-12 09:53:06.400,MO2508-C-7700,0.6,0.2,0.6
2025-08-12,2025-08-12 09:53:08.400,MO2508-C-7700,0.6,0.2,0.6
2025-08-12,2025-08-12 09:53:09.900,MO2508-C-7700,0.6,0.2,0.6
2025-08-12,2025-08-12 09:53:10.400,MO2508-C-7700,0.6,0.2,0.6
2025-08-12,2025-08-12 09:53:11.400,MO2508-C-7700,0.6,0.2,0.6
2025-08-12,2025-08-12 09:53:11.900,MO2508-C-7700,0.6,0.2,0.6
2025-08-12,2025-08-12 09:53:12.400,MO2508-C-7700,0.6,0.2,0.6
2025-08-12,2025-08-12 09:53:14.400,MO2508-C-7700,0.6,0.2,0.6
2025-08-12,2025-08-12 09:53:14.900,MO2508-C-7700,0.6,0.2,0.6
2025-08-12,2025-08-12 09:53:15.400,MO2508-C-7700,0.6,0.2,0.6
2025-08-12,2025-08-12 09:53:16.400,MO2508-C-7700,0.6,0.2,0.6
2025-08-12,2025-08-12 09:53:17.400,MO2508-C-7700,0.6,0.2,0.6
2025-08-12,2025-08-12 09:53:17.900,MO2508-C-7700,0.6,0.2,0.6
2025-08-12,2025-08-12 09:53:18.400,MO2508-C-7700,0.6,0.2,0.6
2025-08-12,2025-08-12 09:53:18.900,MO2508-C-7700,0.6,0.2,0.6
2025-08-12,2025-08-12 09:53:20.900,MO2508-C-7700,0.6,0.2,0.6
2025-08-12,2025-08-12 09:53:21.400,MO2508-C-7700,0.6,0.2,0.6
2025-08-12,2025-08-12 09:53:23.900,MO2508-C-7700,0.6,0.2,0.6
2025-08-12,2025-08-12 09:53:24.400,MO2508-C-7700,0.6,0.2,0.6
2025-08-12,2025-08-12 09:53:24.900,MO2508-C-7700,0.6,0.2,0.6
2025-08-12,2025-08-12 09:53:25.400,MO2508-C-7700,0.6,0.2,0.6
2025-08-12,2025-08-12 09:53:25.900,MO2508-C-7700,0.6,0.2,0.6
2025-08-12,2025-08-12 09:53:27.900,MO2508-C-7700,0.6,0.2,0.6
2025-08-12,2025-08-12 09:53:28.900,MO2508-C-7700,0.6,0.2,0.6
2025-08-12,2025-08-12 09:53:31.400,MO2508-C-7700,0.6,0.2,0.6
2025-08-12,2025-08-12 09:53:32.400,MO2508-C-7700,0.6,0.2,0.6
2025-08-12,2025-08-12 09:53:32.900,MO2508-C-7700,0.6,0.2,0.6
2025-08-12,2025-08-12 09:53:35.400,MO2508-C-7700,0.6,0.2,0.6
2025-08-12,2025-08-12 09:53:36.400,MO2508-C-7700,0.6,0.2,0.6
2025-08-12,2025-08-12 09:53:39.900,MO2508-C-7700,0.6,0.2,0.6
2025-08-12,2025-08-12 09:53:41.400,MO2508-C-7700,0.6,0.2,0.6
2025-08-12,2025-08-12 09:53:41.900,MO2508-C-7700,0.6,0.2,0.6
2025-08-12,2025-08-12 09:53:42.400,MO2508-C-7700,0.6,0.2,0.6
2025-08-12,2025-08-12 09:53:43.400,MO2508-C-7700,0.6,0.2,0.6
2025-08-12,2025-08-12 09:53:43.900,MO2508-C-7700,0.6,0.2,0.6
2025-08-12,2025-08-12 09:53:44.900,MO2508-C-7700,0.6,0.2,0.6
2025-08-12,2025-08-12 09:53:45.900,MO2508-C-7700,0.6,0.2,0.6
2025-08-12,2025-08-12 09:53:46.400,MO2508-C-7700,0.6,0.2,0.6
2025-08-12,2025-08-12 09:53:46.900,MO2508-C-7700,0.6,0.2,0.6
2025-08-12,2025-08-12 09:53:47.900,MO2508-C-7700,0.6,0.2,0.6
2025-08-12,2025-08-12 09:53:48.400,MO2508-C-7700,0.6,0.2,0.6
2025-08-12,2025-08-12 09:53:48.900,MO2508-C-7700,0.6,0.2,0.6
2025-08-12,2025-08-12 09:53:49.400,MO2508-C-7700,0.6,0.2,0.6
2025-08-12,2025-08-12 09:53:50.400,MO2508-C-7700,0.6,0.2,0.6
2025-08-12,2025-08-12 09:53:51.400,MO2508-C-7700,0.6,0.2,0.6
2025-08-12,2025-08-12 09:53:52.400,MO2508-C-7700,0.6,0.2,0.6
2025-08-12,2025-08-12 09:53:52.900,MO2508-C-7700,0.6,0.2,0.6
2025-08-12,2025-08-12 09:53:53.400,MO2508-C-7700,0.6,0.2,0.6
2025-08-12,2025-08-12 09:53:53.900,MO2508-C-7700,0.6,0.2,0.6
2025-08-12,2025-08-12 09:53:55.900,MO2508-C-7700,0.6,0.2,0.6
2025-08-12,2025-08-12 09:53:57.900,MO2508-C-7700,0.6,0.2,0.6
2025-08-12,2025-08-12 09:53:58.400,MO2508-C-7700,0.6,0.2,0.6
2025-08-12,2025-08-12 09:53:58.900,MO2508-C-7700,0.6,0.2,0.6
2025-08-12,2025-08-12 09:53:59.900,MO2508-C-7700,0.6,0.2,0.6
2025-08-12,2025-08-12 09:54:00.400,MO2508-C-7700,0.6,0.2,0.6
2025-08-12,2025-08-12 09:54:00.900,MO2508-C-7700,0.6,0.2,0.6
2025-08-12,2025-08-12 09:54:01.900,MO2508-C-7700,0.6,0.2,0.6
2025-08-12,2025-08-12 09:54:03.900,MO2508-C-7700,0.6,0.2,0.6
2025-08-12,2025-08-12 09:54:04.400,MO2508-C-7700,0.6,0.2,0.6
2025-08-12,2025-08-12 09:54:04.900,MO2508-C-7700,0.6,0.2,0.6
2025-08-12,2025-08-12 09:54:05.400,MO2508-C-7700,0.6,0.2,0.6
2025-08-12,2025-08-12 09:54:05.900,MO2508-C-7700,0.6,0.2,0.6
2025-08-12,2025-08-12 09:54:06.400,MO2508-C-7700,0.6,0.2,0.6
2025-08-12,2025-08-12 09:54:06.900,MO2508-C-7700,0.6,0.2,0.6
2025-08-12,2025-08-12 09:54:07.400,MO2508-C-7700,0.6,0.2,0.6
2025-08-12,2025-08-12 09:54:07.900,MO2508-C-7700,0.6,0.2,0.6
2025-08-12,2025-08-12 09:54:08.900,MO2508-C-7700,0.6,0.2,0.6
2025-08-12,2025-08-12 09:54:09.900,MO2508-C-7700,0.6,0.2,0.6
2025-08-12,2025-08-12 09:54:10.400,MO2508-C-7700,0.6,0.2,0.6
2025-08-12,2025-08-12 09:54:10.900,MO2508-C-7700,0.6,0.2,0.6
2025-08-12,2025-08-12 09:54:11.400,MO2508-C-7700,0.6,0.2,0.6
2025-08-12,2025-08-12 09:54:12.900,MO2508-C-7700,0.6,0.2,0.6
2025-08-12,2025-08-12 09:54:14.400,MO2508-C-7700,0.6,0.2,0.6
2025-08-12,2025-08-12 09:54:15.400,MO2508-C-7700,0.6,0.2,0.6
2025-08-12,2025-08-12 09:54:17.900,MO2508-C-7700,0.6,0.2,0.6
2025-08-12,2025-08-12 09:54:18.400,MO2508-C-7700,0.6,0.2,0.6
2025-08-12,2025-08-12 09:54:18.900,MO2508-C-7700,0.6,0.2,0.6
2025-08-12,2025-08-12 09:54:20.400,MO2508-C-7700,0.6,0.2,0.6
2025-08-12,2025-08-12 09:54:20.900,MO2508-C-7700,0.6,0.2,0.6
2025-08-12,2025-08-12 09:54:21.400,MO2508-C-7700,0.6,0.2,0.6
2025-08-12,2025-08-12 09:54:22.400,MO2508-C-7700,0.6,0.2,0.6
2025-08-12,2025-08-12 09:54:24.900,MO2508-C-7700,0.6,0.2,0.6
2025-08-12,2025-08-12 09:54:25.400,MO2508-C-7700,0.6,0.2,0.6
2025-08-12,2025-08-12 09:54:25.900,MO2508-C-7700,0.6,0.2,0.6
2025-08-12,2025-08-12 09:54:26.400,MO2508-C-7700,0.6,0.2,0.6
2025-08-12,2025-08-12 09:54:27.900,MO2508-C-7700,0.6,0.2,0.6
2025-08-12,2025-08-12 09:54:28.900,MO2508-C-7700,0.6,0.2,0.6
2025-08-12,2025-08-12 09:54:29.400,MO2508-C-7700,0.6,0.2,0.6
2025-08-12,2025-08-12 09:54:30.900,MO2508-C-7700,0.6,0.2,0.6
2025-08-12,2025-08-12 09:54:31.400,MO2508-C-7700,0.6,0.2,0.6
2025-08-12,2025-08-12 09:54:31.900,MO2508-C-7700,0.6,0.2,0.6
2025-08-12,2025-08-12 09:54:33.900,MO2508-C-7700,0.6,0.2,0.6
2025-08-12,2025-08-12 09:54:36.400,MO2508-C-7700,0.6,0.2,0.6
2025-08-12,2025-08-12 09:54:36.900,MO2508-C-7700,0.6,0.2,0.6
2025-08-12,2025-08-12 09:54:37.900,MO2508-C-7700,0.6,0.2,0.6
2025-08-12,2025-08-12 09:54:38.900,MO2508-C-7700,0.6,0.2,0.6
2025-08-12,2025-08-12 09:54:40.900,MO2508-C-7700,0.6,0.2,0.6
2025-08-12,2025-08-12 09:54:42.900,MO2508-C-7700,0.6,0.2,0.6
2025-08-12,2025-08-12 09:54:44.400,MO2508-C-7700,0.6,0.2,0.6
2025-08-12,2025-08-12 09:54:44.900,MO2508-C-7700,0.6,0.2,0.6
2025-08-12,2025-08-12 09:54:45.400,MO2508-C-7700,0.6,0.2,0.6
2025-08-12,2025-08-12 09:54:46.400,MO2508-C-7700,0.6,0.2,0.6
2025-08-12,2025-08-12 09:54:46.900,MO2508-C-7700,0.6,0.2,0.6
2025-08-12,2025-08-12 09:54:47.400,MO2508-C-7700,0.6,0.2,0.6
2025-08-12,2025-08-12 09:54:49.400,MO2508-C-7700,0.6,0.2,0.6
2025-08-12,2025-08-12 09:54:50.400,MO2508-C-7700,0.6,0.2,0.6
2025-08-12,2025-08-12 09:54:51.900,MO2508-C-7700,0.6,0.2,0.6
2025-08-12,2025-08-12 09:54:52.900,MO2508-C-7700,0.6,0.2,0.6
2025-08-12,2025-08-12 09:54:54.400,MO2508-C-7700,0.6,0.2,0.6
2025-08-12,2025-08-12 09:54:56.400,MO2508-C-7700,0.6,0.2,0.6
2025-08-12,2025-08-12 09:54:57.400,MO2508-C-7700,0.6,0.2,0.6
2025-08-12,2025-08-12 09:54:58.900,MO2508-C-7700,0.6,0.2,0.6
2025-08-12,2025-08-12 09:54:59.400,MO2508-C-7700,0.6,0.2,0.6
2025-08-12,2025-08-12 09:55:00.900,MO2508-C-7700,0.6,0.2,0.6
2025-08-12,2025-08-12 09:55:01.900,MO2508-C-7700,0.6,0.2,0.6
2025-08-12,2025-08-12 09:55:02.400,MO2508-C-7700,0.6,0.2,0.6
2025-08-12,2025-08-12 09:55:03.400,MO2508-C-7700,0.6,0.2,0.6
2025-08-12,2025-08-12 09:55:04.400,MO2508-C-7700,0.6,0.2,0.6
2025-08-12,2025-08-12 09:55:04.900,MO2508-C-7700,0.6,0.2,0.6
2025-08-12,2025-08-12 09:55:06.400,MO2508-C-7700,0.6,0.2,0.6
2025-08-12,2025-08-12 09:55:06.900,MO2508-C-7700,0.6,0.2,0.6
2025-08-12,2025-08-12 09:55:08.400,MO2508-C-7700,0.6,0.2,0.6
2025-08-12,2025-08-12 09:55:09.900,MO2508-C-7700,0.6,0.2,0.6
2025-08-12,2025-08-12 09:55:11.900,MO2508-C-7700,0.6,0.2,0.6
2025-08-12,2025-08-12 09:55:12.400,MO2508-C-7700,0.6,0.2,0.6
2025-08-12,2025-08-12 09:55:12.900,MO2508-C-7700,0.6,0.2,0.6
2025-08-12,2025-08-12 09:55:13.900,MO2508-C-7700,0.6,0.2,0.6
2025-08-12,2025-08-12 09:55:15.400,MO2508-C-7700,0.6,0.2,0.6
2025-08-12,2025-08-12 09:55:16.400,MO2508-C-7700,0.6,0.2,0.6
2025-08-12,2025-08-12 09:55:17.400,MO2508-C-7700,0.6,0.2,0.6
2025-08-12,2025-08-12 09:55:17.900,MO2508-C-7700,0.6,0.2,0.6
2025-08-12,2025-08-12 09:55:19.400,MO2508-C-7700,0.6,0.2,0.6
2025-08-12,2025-08-12 09:55:19.900,MO2508-C-7700,0.6,0.2,0.6
2025-08-12,2025-08-12 09:55:20.900,MO2508-C-7700,0.6,0.2,0.6
2025-08-12,2025-08-12 09:55:21.400,MO2508-C-7700,0.6,0.2,0.6
2025-08-12,2025-08-12 09:55:22.900,MO2508-C-7700,0.6,0.2,0.6
2025-08-12,2025-08-12 09:55:23.400,MO2508-C-7700,0.6,0.2,0.6
2025-08-12,2025-08-12 09:55:25.900,MO2508-C-7700,0.6,0.2,0.6
2025-08-12,2025-08-12 09:55:26.400,MO2508-C-7700,0.6,0.2,0.6
2025-08-12,2025-08-12 09:55:26.900,MO2508-C-7700,0.6,0.2,0.6
2025-08-12,2025-08-12 09:55:27.400,MO2508-C-7700,0.6,0.2,0.6
2025-08-12,2025-08-12 09:55:28.400,MO2508-C-7700,0.6,0.2,0.6
2025-08-12,2025-08-12 09:55:30.400,MO2508-C-7700,0.6,0.2,0.6
2025-08-12,2025-08-12 09:55:30.900,MO2508-C-7700,0.6,0.2,0.6
2025-08-12,2025-08-12 09:55:31.400,MO2508-C-7700,0.6,0.2,0.6
2025-08-12,2025-08-12 09:55:32.900,MO2508-C-7700,0.6,0.2,0.6
2025-08-12,2025-08-12 09:55:33.400,MO2508-C-7700,0.6,0.2,0.6
2025-08-12,2025-08-12 09:55:33.900,MO2508-C-7700,0.6,0.2,0.6
2025-08-12,2025-08-12 09:55:34.400,MO2508-C-7700,0.6,0.2,0.6
2025-08-12,2025-08-12 09:55:34.900,MO2508-C-7700,0.6,0.2,0.6
2025-08-12,2025-08-12 09:55:35.900,MO2508-C-7700,0.6,0.2,0.6
2025-08-12,2025-08-12 09:55:37.900,MO2508-C-7700,0.6,0.2,0.6
2025-08-12,2025-08-12 09:55:40.400,MO2508-C-7700,0.6,0.2,0.6
2025-08-12,2025-08-12 09:55:41.400,MO2508-C-7700,0.6,0.2,0.6
2025-08-12,2025-08-12 09:55:44.400,MO2508-C-7700,0.6,0.2,0.6
2025-08-12,2025-08-12 09:55:44.900,MO2508-C-7700,0.6,0.2,0.6
2025-08-12,2025-08-12 09:55:45.900,MO2508-C-7700,0.6,0.2,0.6
2025-08-12,2025-08-12 09:55:46.400,MO2508-C-7700,0.6,0.2,0.6
2025-08-12,2025-08-12 09:55:47.400,MO2508-C-7700,0.6,0.2,0.6
2025-08-12,2025-08-12 09:55:47.900,MO2508-C-7700,0.6,0.2,0.6
2025-08-12,2025-08-12 09:55:49.400,MO2508-C-7700,0.6,0.2,0.6
2025-08-12,2025-08-12 09:55:51.900,MO2508-C-7700,0.6,0.2,0.6
2025-08-12,2025-08-12 09:55:59.400,MO2508-C-7700,0.6,0.2,0.6
2025-08-12,2025-08-12 09:56:00.900,MO2508-C-7700,0.6,0.2,0.6
2025-08-12,2025-08-12 09:56:01.400,MO2508-C-7700,0.6,0.2,0.6
2025-08-12,2025-08-12 09:56:01.900,MO2508-C-7700,0.6,0.2,0.6
2025-08-12,2025-08-12 09:56:03.400,MO2508-C-7700,0.6,0.2,0.6
2025-08-12,2025-08-12 09:56:04.900,MO2508-C-7700,0.6,0.2,0.6
2025-08-12,2025-08-12 09:56:05.900,MO2508-C-7700,0.6,0.2,0.6
2025-08-12,2025-08-12 09:56:07.900,MO2508-C-7700,0.6,0.2,0.6
2025-08-12,2025-08-12 09:56:10.900,MO2508-C-7700,0.6,0.2,0.6
2025-08-12,2025-08-12 09:56:11.400,MO2508-C-7700,0.6,0.2,0.6
2025-08-12,2025-08-12 09:56:16.400,MO2508-C-7700,0.6,0.2,0.6
2025-08-12,2025-08-12 09:56:17.400,MO2508-C-7700,0.6,0.2,0.6
2025-08-12,2025-08-12 09:56:19.400,MO2508-C-7700,0.6,0.2,0.6
2025-08-12,2025-08-12 09:56:20.900,MO2508-C-7700,0.6,0.2,0.6
2025-08-12,2025-08-12 09:56:21.400,MO2508-C-7700,0.6,0.2,0.6
2025-08-12,2025-08-12 09:56:22.400,MO2508-C-7700,0.6,0.2,0.6
2025-08-12,2025-08-12 09:56:23.900,MO2508-C-7700,0.6,0.2,0.6
2025-08-12,2025-08-12 09:56:24.400,MO2508-C-7700,0.6,0.2,0.6
2025-08-12,2025-08-12 09:56:25.400,MO2508-C-7700,0.6,0.2,0.6
2025-08-12,2025-08-12 09:56:25.900,MO2508-C-7700,0.6,0.2,0.6
2025-08-12,2025-08-12 09:56:26.400,MO2508-C-7700,0.6,0.2,0.6
2025-08-12,2025-08-12 09:56:26.900,MO2508-C-7700,0.6,0.2,0.6
2025-08-12,2025-08-12 09:56:27.400,MO2508-C-7700,0.6,0.2,0.6
2025-08-12,2025-08-12 09:56:27.900,MO2508-C-7700,0.6,0.2,0.6
2025-08-12,2025-08-12 09:56:28.400,MO2508-C-7700,0.6,0.2,0.6
2025-08-12,2025-08-12 09:56:29.900,MO2508-C-7700,0.6,0.2,0.6
2025-08-12,2025-08-12 09:56:30.400,MO2508-C-7700,0.6,0.2,0.6
2025-08-12,2025-08-12 09:56:32.400,MO2508-C-7700,0.6,0.2,0.6
2025-08-12,2025-08-12 09:56:33.400,MO2508-C-7700,0.6,0.2,0.6
2025-08-12,2025-08-12 09:56:35.400,MO2508-C-7700,0.6,0.2,0.6
2025-08-12,2025-08-12 09:56:35.900,MO2508-C-7700,0.6,0.2,0.6
2025-08-12,2025-08-12 09:56:36.400,MO2508-C-7700,0.6,0.2,0.6
2025-08-12,2025-08-12 09:56:37.900,MO2508-C-7700,0.6,0.2,0.6
2025-08-12,2025-08-12 09:56:38.400,MO2508-C-7700,0.6,0.2,0.6
2025-08-12,2025-08-12 09:56:38.900,MO2508-C-7700,0.6,0.2,0.6
2025-08-12,2025-08-12 09:56:40.400,MO2508-C-7700,0.6,0.2,0.6
2025-08-12,2025-08-12 09:56:41.900,MO2508-C-7700,0.6,0.2,0.6
2025-08-12,2025-08-12 09:56:43.400,MO2508-C-7700,0.6,0.2,0.6
2025-08-12,2025-08-12 09:56:45.400,MO2508-C-7700,0.6,0.2,0.6
2025-08-12,2025-08-12 09:56:45.900,MO2508-C-7700,0.6,0.2,0.6
2025-08-12,2025-08-12 09:56:47.400,MO2508-C-7700,0.6,0.2,0.6
2025-08-12,2025-08-12 09:56:48.900,MO2508-C-7700,0.6,0.2,0.6
2025-08-12,2025-08-12 09:56:49.400,MO2508-C-7700,0.6,0.2,0.6
2025-08-12,2025-08-12 09:56:49.900,MO2508-C-7700,0.6,0.2,0.6
2025-08-12,2025-08-12 09:56:51.900,MO2508-C-7700,0.6,0.2,0.6
2025-08-12,2025-08-12 09:56:52.400,MO2508-C-7700,0.6,0.2,0.6
2025-08-12,2025-08-12 09:56:52.900,MO2508-C-7700,0.6,0.2,0.6
2025-08-12,2025-08-12 09:56:53.400,MO2508-C-7700,0.6,0.2,0.6
2025-08-12,2025-08-12 09:56:54.900,MO2508-C-7700,0.6,0.2,0.6
2025-08-12,2025-08-12 09:56:55.900,MO2508-C-7700,0.6,0.2,0.6
2025-08-12,2025-08-12 09:56:56.900,MO2508-C-7700,0.6,0.2,0.6
2025-08-12,2025-08-12 09:56:58.900,MO2508-C-7700,0.6,0.2,0.6
2025-08-12,2025-08-12 09:56:59.400,MO2508-C-7700,0.6,0.2,0.6
2025-08-12,2025-08-12 09:57:00.400,MO2508-C-7700,0.6,0.2,0.6
2025-08-12,2025-08-12 09:57:01.400,MO2508-C-7700,0.6,0.2,0.6
2025-08-12,2025-08-12 09:57:02.400,MO2508-C-7700,0.6,0.2,0.6
2025-08-12,2025-08-12 09:57:03.900,MO2508-C-7700,0.6,0.2,0.6
2025-08-12,2025-08-12 09:57:04.400,MO2508-C-7700,0.6,0.2,0.6
2025-08-12,2025-08-12 09:57:05.400,MO2508-C-7700,0.6,0.2,0.6
2025-08-12,2025-08-12 09:57:05.900,MO2508-C-7700,0.6,0.2,0.6
2025-08-12,2025-08-12 09:57:06.400,MO2508-C-7700,0.6,0.2,0.6
2025-08-12,2025-08-12 09:57:06.900,MO2508-C-7700,0.6,0.2,0.6
2025-08-12,2025-08-12 09:57:07.400,MO2508-C-7700,0.6,0.2,0.6
2025-08-12,2025-08-12 09:57:07.900,MO2508-C-7700,0.6,0.2,0.6
2025-08-12,2025-08-12 09:57:09.400,MO2508-C-7700,0.6,0.2,0.6
2025-08-12,2025-08-12 09:57:10.400,MO2508-C-7700,0.6,0.2,0.6
2025-08-12,2025-08-12 09:57:10.900,MO2508-C-7700,0.6,0.2,0.6
2025-08-12,2025-08-12 09:57:11.400,MO2508-C-7700,0.6,0.2,0.6
2025-08-12,2025-08-12 09:57:11.900,MO2508-C-7700,0.6,0.2,0.6
2025-08-12,2025-08-12 09:57:12.400,MO2508-C-7700,0.6,0.2,0.6
2025-08-12,2025-08-12 09:57:13.400,MO2508-C-7700,0.6,0.2,0.6
2025-08-12,2025-08-12 09:57:14.400,MO2508-C-7700,0.6,0.2,0.6
2025-08-12,2025-08-12 09:57:15.400,MO2508-C-7700,0.6,0.2,0.6
2025-08-12,2025-08-12 09:57:15.900,MO2508-C-7700,0.6,0.2,0.6
2025-08-12,2025-08-12 09:57:16.400,MO2508-C-7700,0.6,0.2,0.6
2025-08-12,2025-08-12 09:57:16.900,MO2508-C-7700,0.6,0.2,0.6
2025-08-12,2025-08-12 09:57:17.400,MO2508-C-7700,0.6,0.2,0.6
2025-08-12,2025-08-12 09:57:17.900,MO2508-C-7700,0.6,0.2,0.6
2025-08-12,2025-08-12 09:57:18.900,MO2508-C-7700,0.6,0.2,0.6
2025-08-12,2025-08-12 09:57:19.400,MO2508-C-7700,0.6,0.2,0.6
2025-08-12,2025-08-12 09:57:19.900,MO2508-C-7700,0.6,0.2,0.6
2025-08-12,2025-08-12 09:57:20.400,MO2508-C-7700,0.6,0.2,0.6
2025-08-12,2025-08-12 09:57:20.900,MO2508-C-7700,0.6,0.2,0.6
2025-08-12,2025-08-12 09:57:21.900,MO2508-C-7700,0.6,0.2,0.6
2025-08-12,2025-08-12 09:57:22.400,MO2508-C-7700,0.6,0.2,0.6
2025-08-12,2025-08-12 09:57:23.900,MO2508-C-7700,0.6,0.2,0.6
2025-08-12,2025-08-12 09:57:24.900,MO2508-C-7700,0.6,0.2,0.6
2025-08-12,2025-08-12 09:57:25.900,MO2508-C-7700,0.6,0.2,0.6
2025-08-12,2025-08-12 09:57:26.400,MO2508-C-7700,0.6,0.2,0.6
2025-08-12,2025-08-12 09:57:26.900,MO2508-C-7700,0.6,0.2,0.6
2025-08-12,2025-08-12 09:57:27.400,MO2508-C-7700,0.6,0.2,0.6
2025-08-12,2025-08-12 09:57:27.900,MO2508-C-7700,0.6,0.2,0.6
2025-08-12,2025-08-12 09:57:28.400,MO2508-C-7700,0.6,0.2,0.6
2025-08-12,2025-08-12 09:57:28.900,MO2508-C-7700,0.6,0.2,0.6
2025-08-12,2025-08-12 09:57:29.400,MO2508-C-7700,0.6,0.2,0.6
2025-08-12,2025-08-12 09:57:30.400,MO2508-C-7700,0.6,0.2,0.6
2025-08-12,2025-08-12 09:57:31.900,MO2508-C-7700,0.6,0.2,0.6
2025-08-12,2025-08-12 09:57:32.400,MO2508-C-7700,0.6,0.2,0.6
2025-08-12,2025-08-12 09:57:34.400,MO2508-C-7700,0.6,0.2,0.6
2025-08-12,2025-08-12 09:57:36.400,MO2508-C-7700,0.6,0.2,0.6
2025-08-12,2025-08-12 09:57:37.400,MO2508-C-7700,0.6,0.2,0.6
2025-08-12,2025-08-12 09:57:37.900,MO2508-C-7700,0.6,0.2,0.6
2025-08-12,2025-08-12 09:57:38.400,MO2508-C-7700,0.6,0.2,0.6
2025-08-12,2025-08-12 09:57:38.900,MO2508-C-7700,0.6,0.2,0.6
2025-08-12,2025-08-12 09:57:39.400,MO2508-C-7700,0.6,0.2,0.6
2025-08-12,2025-08-12 09:57:39.900,MO2508-C-7700,0.6,0.2,0.6
2025-08-12,2025-08-12 09:57:40.400,MO2508-C-7700,0.6,0.2,0.6
2025-08-12,2025-08-12 09:57:40.900,MO2508-C-7700,0.6,0.2,0.6
2025-08-12,2025-08-12 09:57:41.400,MO2508-C-7700,0.6,0.2,0.6
2025-08-12,2025-08-12 09:57:42.900,MO2508-C-7700,0.6,0.2,0.6
2025-08-12,2025-08-12 09:57:43.400,MO2508-C-7700,0.6,0.2,0.6
2025-08-12,2025-08-12 09:57:44.900,MO2508-C-7700,0.6,0.2,0.6
2025-08-12,2025-08-12 09:57:45.900,MO2508-C-7700,0.6,0.2,0.6
2025-08-12,2025-08-12 09:57:47.900,MO2508-C-7700,0.6,0.2,0.6
2025-08-12,2025-08-12 09:57:48.900,MO2508-C-7700,0.6,0.2,0.6
2025-08-12,2025-08-12 09:57:49.400,MO2508-C-7700,0.6,0.2,0.6
2025-08-12,2025-08-12 09:57:49.900,MO2508-C-7700,0.6,0.2,0.6
2025-08-12,2025-08-12 09:57:50.400,MO2508-C-7700,0.6,0.2,0.6
2025-08-12,2025-08-12 09:57:50.900,MO2508-C-7700,0.6,0.2,0.6
2025-08-12,2025-08-12 09:57:51.900,MO2508-C-7700,0.6,0.2,0.6
2025-08-12,2025-08-12 09:57:52.400,MO2508-C-7700,0.6,0.2,0.6
2025-08-12,2025-08-12 09:57:52.900,MO2508-C-7700,0.6,0.2,0.6
2025-08-12,2025-08-12 09:57:54.400,MO2508-C-7700,0.6,0.2,0.6
2025-08-12,2025-08-12 09:57:54.900,MO2508-C-7700,0.6,0.2,0.6
2025-08-12,2025-08-12 09:57:55.400,MO2508-C-7700,0.6,0.2,0.6
2025-08-12,2025-08-12 09:57:56.400,MO2508-C-7700,0.6,0.2,0.6
2025-08-12,2025-08-12 09:57:57.900,MO2508-C-7700,0.6,0.2,0.6
2025-08-12,2025-08-12 09:57:58.400,MO2508-C-7700,0.6,0.2,0.6
2025-08-12,2025-08-12 09:57:58.900,MO2508-C-7700,0.6,0.2,0.6
2025-08-12,2025-08-12 09:57:59.900,MO2508-C-7700,0.6,0.2,0.6
2025-08-12,2025-08-12 09:58:00.400,MO2508-C-7700,0.6,0.2,0.6
2025-08-12,2025-08-12 09:58:01.400,MO2508-C-7700,0.6,0.2,0.6
2025-08-12,2025-08-12 09:58:01.900,MO2508-C-7700,0.6,0.2,0.6
2025-08-12,2025-08-12 09:58:04.900,MO2508-C-7700,0.6,0.2,0.6
2025-08-12,2025-08-12 09:58:05.900,MO2508-C-7700,0.6,0.2,0.6
2025-08-12,2025-08-12 09:58:06.900,MO2508-C-7700,0.6,0.2,0.6
2025-08-12,2025-08-12 09:58:07.400,MO2508-C-7700,0.6,0.2,0.6
2025-08-12,2025-08-12 09:58:09.400,MO2508-C-7700,0.6,0.2,0.6
2025-08-12,2025-08-12 09:58:09.900,MO2508-C-7700,0.6,0.2,0.6
2025-08-12,2025-08-12 09:58:10.900,MO2508-C-7700,0.6,0.2,0.6
2025-08-12,2025-08-12 09:58:11.400,MO2508-C-7700,0.6,0.2,0.6
2025-08-12,2025-08-12 09:58:13.900,MO2508-C-7700,0.6,0.2,0.6
2025-08-12,2025-08-12 09:58:14.400,MO2508-C-7700,0.6,0.2,0.6
2025-08-12,2025-08-12 09:58:15.900,MO2508-C-7700,0.6,0.2,0.6
2025-08-12,2025-08-12 09:58:17.900,MO2508-C-7700,0.6,0.2,0.6
2025-08-12,2025-08-12 09:58:19.400,MO2508-C-7700,0.6,0.2,0.6
2025-08-12,2025-08-12 09:58:20.900,MO2508-C-7700,0.6,0.2,0.6
2025-08-12,2025-08-12 09:58:21.400,MO2508-C-7700,0.6,0.2,0.6
2025-08-12,2025-08-12 09:58:21.900,MO2508-C-7700,0.6,0.2,0.6
2025-08-12,2025-08-12 09:58:22.400,MO2508-C-7700,0.6,0.2,0.6
2025-08-12,2025-08-12 09:58:22.900,MO2508-C-7700,0.6,0.2,0.6
2025-08-12,2025-08-12 09:58:23.400,MO2508-C-7700,0.6,0.2,0.6
2025-08-12,2025-08-12 09:58:24.400,MO2508-C-7700,0.6,0.2,0.6
2025-08-12,2025-08-12 09:58:24.900,MO2508-C-7700,0.6,0.2,0.6
2025-08-12,2025-08-12 09:58:25.400,MO2508-C-7700,0.6,0.2,0.6
2025-08-12,2025-08-12 09:58:26.400,MO2508-C-7700,0.6,0.2,0.6
2025-08-12,2025-08-12 09:58:27.400,MO2508-C-7700,0.6,0.2,0.6
2025-08-12,2025-08-12 09:58:27.900,MO2508-C-7700,0.6,0.2,0.6
2025-08-12,2025-08-12 09:58:28.400,MO2508-C-7700,0.6,0.2,0.6
2025-08-12,2025-08-12 09:58:28.900,MO2508-C-7700,0.6,0.2,0.6
2025-08-12,2025-08-12 09:58:29.400,MO2508-C-7700,0.6,0.2,0.6
2025-08-12,2025-08-12 09:58:29.900,MO2508-C-7700,0.6,0.2,0.6
2025-08-12,2025-08-12 09:58:30.400,MO2508-C-7700,0.6,0.2,0.6
2025-08-12,2025-08-12 09:58:31.400,MO2508-C-7700,0.6,0.2,0.6
2025-08-12,2025-08-12 09:58:31.900,MO2508-C-7700,0.6,0.2,0.6
2025-08-12,2025-08-12 09:58:33.900,MO2508-C-7700,0.6,0.2,0.6
2025-08-12,2025-08-12 09:58:35.400,MO2508-C-7700,0.6,0.2,0.6
2025-08-12,2025-08-12 09:58:36.900,MO2508-C-7700,0.6,0.2,0.6
2025-08-12,2025-08-12 09:58:37.400,MO2508-C-7700,0.6,0.2,0.6
2025-08-12,2025-08-12 09:58:38.400,MO2508-C-7700,0.6,0.2,0.6
2025-08-12,2025-08-12 09:58:38.900,MO2508-C-7700,0.6,0.2,0.6
2025-08-12,2025-08-12 09:58:39.900,MO2508-C-7700,0.6,0.2,0.6
2025-08-12,2025-08-12 09:58:41.900,MO2508-C-7700,0.6,0.2,0.6
2025-08-12,2025-08-12 09:58:42.400,MO2508-C-7700,0.6,0.2,0.6
2025-08-12,2025-08-12 09:58:43.400,MO2508-C-7700,0.6,0.2,0.6
2025-08-12,2025-08-12 09:58:44.400,MO2508-C-7700,0.6,0.2,0.6
2025-08-12,2025-08-12 09:58:45.400,MO2508-C-7700,0.6,0.2,0.6
2025-08-12,2025-08-12 09:58:45.900,MO2508-C-7700,0.6,0.2,0.6
2025-08-12,2025-08-12 09:58:46.900,MO2508-C-7700,0.6,0.2,0.6
2025-08-12,2025-08-12 09:58:47.400,MO2508-C-7700,0.6,0.2,0.6
2025-08-12,2025-08-12 09:58:47.900,MO2508-C-7700,0.6,0.2,0.6
2025-08-12,2025-08-12 09:58:48.900,MO2508-C-7700,0.6,0.2,0.6
2025-08-12,2025-08-12 09:58:49.400,MO2508-C-7700,0.6,0.2,0.6
2025-08-12,2025-08-12 09:58:49.900,MO2508-C-7700,0.6,0.2,0.6
2025-08-12,2025-08-12 09:58:50.900,MO2508-C-7700,0.6,0.2,0.6
2025-08-12,2025-08-12 09:58:51.400,MO2508-C-7700,0.6,0.2,0.6
2025-08-12,2025-08-12 09:58:51.900,MO2508-C-7700,0.6,0.2,0.6
2025-08-12,2025-08-12 09:58:52.900,MO2508-C-7700,0.6,0.2,0.6
2025-08-12,2025-08-12 09:58:53.400,MO2508-C-7700,0.6,0.2,0.6
2025-08-12,2025-08-12 09:58:54.900,MO2508-C-7700,0.6,0.2,0.6
2025-08-12,2025-08-12 09:58:55.400,MO2508-C-7700,0.6,0.2,0.6
2025-08-12,2025-08-12 09:58:58.400,MO2508-C-7700,0.6,0.2,0.6
2025-08-12,2025-08-12 09:58:59.400,MO2508-C-7700,0.6,0.2,0.6
2025-08-12,2025-08-12 09:59:00.900,MO2508-C-7700,0.6,0.2,0.6
2025-08-12,2025-08-12 09:59:01.400,MO2508-C-7700,0.6,0.2,0.6
2025-08-12,2025-08-12 09:59:01.900,MO2508-C-7700,0.6,0.2,0.6
2025-08-12,2025-08-12 09:59:03.400,MO2508-C-7700,0.6,0.2,0.6
2025-08-12,2025-08-12 09:59:03.900,MO2508-C-7700,0.6,0.2,0.6
2025-08-12,2025-08-12 09:59:04.900,MO2508-C-7700,0.6,0.2,0.6
2025-08-12,2025-08-12 09:59:05.400,MO2508-C-7700,0.6,0.2,0.6
2025-08-12,2025-08-12 09:59:06.400,MO2508-C-7700,0.6,0.2,0.6
2025-08-12,2025-08-12 09:59:06.900,MO2508-C-7700,0.6,0.2,0.6
2025-08-12,2025-08-12 09:59:07.400,MO2508-C-7700,0.6,0.2,0.6
2025-08-12,2025-08-12 09:59:07.900,MO2508-C-7700,0.6,0.2,0.6
2025-08-12,2025-08-12 09:59:08.900,MO2508-C-7700,0.6,0.2,0.6
2025-08-12,2025-08-12 09:59:09.400,MO2508-C-7700,0.6,0.2,0.6
2025-08-12,2025-08-12 09:59:09.900,MO2508-C-7700,0.6,0.2,0.6
2025-08-12,2025-08-12 09:59:10.400,MO2508-C-7700,0.6,0.2,0.6
2025-08-12,2025-08-12 09:59:11.900,MO2508-C-7700,0.6,0.2,0.6
2025-08-12,2025-08-12 09:59:12.400,MO2508-C-7700,0.6,0.2,0.6
2025-08-12,2025-08-12 09:59:13.400,MO2508-C-7700,0.6,0.2,0.6
2025-08-12,2025-08-12 09:59:14.400,MO2508-C-7700,0.6,0.2,0.6
2025-08-12,2025-08-12 09:59:15.900,MO2508-C-7700,0.6,0.2,0.6
2025-08-12,2025-08-12 09:59:17.400,MO2508-C-7700,0.6,0.2,0.6
2025-08-12,2025-08-12 09:59:17.900,MO2508-C-7700,0.6,0.2,0.6
2025-08-12,2025-08-12 09:59:18.400,MO2508-C-7700,0.6,0.2,0.6
2025-08-12,2025-08-12 09:59:19.900,MO2508-C-7700,0.6,0.2,0.6
2025-08-12,2025-08-12 09:59:20.900,MO2508-C-7700,0.6,0.2,0.6
2025-08-12,2025-08-12 09:59:21.400,MO2508-C-7700,0.6,0.2,0.6
2025-08-12,2025-08-12 09:59:22.400,MO2508-C-7700,0.6,0.2,0.6
2025-08-12,2025-08-12 09:59:22.900,MO2508-C-7700,0.6,0.2,0.6
2025-08-12,2025-08-12 09:59:23.400,MO2508-C-7700,0.6,0.2,0.6
2025-08-12,2025-08-12 09:59:23.900,MO2508-C-7700,0.6,0.2,0.6
2025-08-12,2025-08-12 09:59:24.400,MO2508-C-7700,0.6,0.2,0.6
2025-08-12,2025-08-12 09:59:24.900,MO2508-C-7700,0.6,0.2,0.6
2025-08-12,2025-08-12 09:59:26.400,MO2508-C-7700,0.6,0.2,0.6
2025-08-12,2025-08-12 09:59:26.900,MO2508-C-7700,0.6,0.2,0.6
2025-08-12,2025-08-12 09:59:27.400,MO2508-C-7700,0.6,0.2,0.6
2025-08-12,2025-08-12 09:59:28.900,MO2508-C-7700,0.6,0.2,0.6
2025-08-12,2025-08-12 09:59:29.400,MO2508-C-7700,0.6,0.2,0.6
2025-08-12,2025-08-12 09:59:30.900,MO2508-C-7700,0.6,0.2,0.6
2025-08-12,2025-08-12 09:59:31.400,MO2508-C-7700,0.6,0.2,0.6
2025-08-12,2025-08-12 09:59:31.900,MO2508-C-7700,0.6,0.2,0.6
2025-08-12,2025-08-12 09:59:32.400,MO2508-C-7700,0.6,0.2,0.6
2025-08-12,2025-08-12 09:59:32.900,MO2508-C-7700,0.6,0.2,0.6
2025-08-12,2025-08-12 09:59:33.400,MO2508-C-7700,0.6,0.2,0.6
2025-08-12,2025-08-12 09:59:34.400,MO2508-C-7700,0.6,0.2,0.6
2025-08-12,2025-08-12 09:59:34.900,MO2508-C-7700,0.6,0.2,0.6
2025-08-12,2025-08-12 09:59:36.900,MO2508-C-7700,0.6,0.2,0.6
2025-08-12,2025-08-12 09:59:38.900,MO2508-C-7700,0.6,0.2,0.6
2025-08-12,2025-08-12 09:59:40.400,MO2508-C-7700,0.6,0.2,0.6
2025-08-12,2025-08-12 09:59:40.900,MO2508-C-7700,0.6,0.2,0.6
2025-08-12,2025-08-12 09:59:41.400,MO2508-C-7700,0.6,0.2,0.6
2025-08-12,2025-08-12 09:59:42.400,MO2508-C-7700,0.6,0.2,0.6
2025-08-12,2025-08-12 09:59:42.900,MO2508-C-7700,0.6,0.2,0.6
2025-08-12,2025-08-12 09:59:43.400,MO2508-C-7700,0.6,0.2,0.6
2025-08-12,2025-08-12 09:59:44.900,MO2508-C-7700,0.6,0.2,0.6
2025-08-12,2025-08-12 09:59:45.400,MO2508-C-7700,0.6,0.2,0.6
2025-08-12,2025-08-12 09:59:45.900,MO2508-C-7700,0.6,0.2,0.6
2025-08-12,2025-08-12 09:59:46.400,MO2508-C-7700,0.6,0.2,0.6
2025-08-12,2025-08-12 09:59:46.900,MO2508-C-7700,0.6,0.2,0.6
2025-08-12,2025-08-12 09:59:47.900,MO2508-C-7700,0.6,0.2,0.6
2025-08-12,2025-08-12 09:59:48.400,MO2508-C-7700,0.6,0.2,0.6
2025-08-12,2025-08-12 09:59:48.900,MO2508-C-7700,0.6,0.2,0.6
2025-08-12,2025-08-12 09:59:49.900,MO2508-C-7700,0.6,0.2,0.6
2025-08-12,2025-08-12 09:59:50.400,MO2508-C-7700,0.6,0.2,0.6
2025-08-12,2025-08-12 09:59:50.900,MO2508-C-7700,0.6,0.2,0.6
2025-08-12,2025-08-12 09:59:51.900,MO2508-C-7700,0.6,0.2,0.6
2025-08-12,2025-08-12 09:59:52.900,MO2508-C-7700,0.6,0.2,0.6
2025-08-12,2025-08-12 09:59:53.400,MO2508-C-7700,0.6,0.2,0.6
2025-08-12,2025-08-12 09:59:53.900,MO2508-C-7700,0.6,0.2,0.6
2025-08-12,2025-08-12 09:59:54.900,MO2508-C-7700,0.6,0.2,0.6
2025-08-12,2025-08-12 09:59:56.400,MO2508-C-7700,0.6,0.2,0.6
2025-08-12,2025-08-12 09:59:56.900,MO2508-C-7700,0.6,0.2,0.6
2025-08-12,2025-08-12 09:59:57.400,MO2508-C-7700,0.6,0.2,0.6
2025-08-12,2025-08-12 09:59:58.900,MO2508-C-7700,0.6,0.2,0.6
2025-08-12,2025-08-12 09:59:59.900,MO2508-C-7700,0.6,0.2,0.6
2025-08-12,2025-08-12 10:00:00.400,MO2508-C-7700,0.6,0.2,0.6
2025-08-12,2025-08-12 10:00:00.900,MO2508-C-7700,0.6,0.2,0.6
2025-08-12,2025-08-12 10:00:01.900,MO2508-C-7700,0.6,0.2,0.6
2025-08-12,2025-08-12 10:00:03.400,MO2508-C-7700,0.6,0.2,0.6
2025-08-12,2025-08-12 10:00:04.400,MO2508-C-7700,0.6,0.2,0.6
2025-08-12,2025-08-12 10:00:04.900,MO2508-C-7700,0.6,0.2,0.6
2025-08-12,2025-08-12 10:00:05.400,MO2508-C-7700,0.6,0.2,0.6
2025-08-12,2025-08-12 10:00:07.400,MO2508-C-7700,0.6,0.2,0.6
2025-08-12,2025-08-12 10:00:07.900,MO2508-C-7700,0.6,0.2,0.6
2025-08-12,2025-08-12 10:00:08.400,MO2508-C-7700,0.6,0.2,0.6
2025-08-12,2025-08-12 10:00:08.900,MO2508-C-7700,0.6,0.2,0.6
2025-08-12,2025-08-12 10:00:10.400,MO2508-C-7700,0.6,0.2,0.6
2025-08-12,2025-08-12 10:00:10.900,MO2508-C-7700,0.6,0.2,0.6
2025-08-12,2025-08-12 10:00:11.400,MO2508-C-7700,0.6,0.2,0.6
2025-08-12,2025-08-12 10:00:11.900,MO2508-C-7700,0.6,0.2,0.6
2025-08-12,2025-08-12 10:00:12.400,MO2508-C-7700,0.6,0.2,0.6
2025-08-12,2025-08-12 10:00:13.400,MO2508-C-7700,0.6,0.2,0.6
2025-08-12,2025-08-12 10:00:14.400,MO2508-C-7700,0.6,0.2,0.6
2025-08-12,2025-08-12 10:00:15.900,MO2508-C-7700,0.6,0.2,0.6
2025-08-12,2025-08-12 10:00:16.400,MO2508-C-7700,0.6,0.2,0.6
2025-08-12,2025-08-12 10:00:16.900,MO2508-C-7700,0.6,0.2,0.6
2025-08-12,2025-08-12 10:00:17.400,MO2508-C-7700,0.6,0.2,0.6
2025-08-12,2025-08-12 10:00:17.900,MO2508-C-7700,0.6,0.2,0.6
2025-08-12,2025-08-12 10:00:18.900,MO2508-C-7700,0.6,0.2,0.6
2025-08-12,2025-08-12 10:00:19.900,MO2508-C-7700,0.6,0.2,0.6
2025-08-12,2025-08-12 10:00:20.400,MO2508-C-7700,0.6,0.2,0.6
2025-08-12,2025-08-12 10:00:20.900,MO2508-C-7700,0.6,0.2,0.6
2025-08-12,2025-08-12 10:00:21.400,MO2508-C-7700,0.6,0.2,0.6
2025-08-12,2025-08-12 10:00:21.900,MO2508-C-7700,0.6,0.2,0.6
2025-08-12,2025-08-12 10:00:22.400,MO2508-C-7700,0.6,0.2,0.6
2025-08-12,2025-08-12 10:00:23.400,MO2508-C-7700,0.6,0.2,0.6
2025-08-12,2025-08-12 10:00:25.400,MO2508-C-7700,0.6,0.2,0.6
2025-08-12,2025-08-12 10:00:25.900,MO2508-C-7700,0.6,0.2,0.6
2025-08-12,2025-08-12 10:00:26.400,MO2508-C-7700,0.6,0.2,0.6
2025-08-12,2025-08-12 10:00:27.400,MO2508-C-7700,0.6,0.2,0.6
2025-08-12,2025-08-12 10:00:28.400,MO2508-C-7700,0.6,0.2,0.6
2025-08-12,2025-08-12 10:00:28.900,MO2508-C-7700,0.6,0.2,0.6
2025-08-12,2025-08-12 10:00:29.900,MO2508-C-7700,0.6,0.2,0.6
2025-08-12,2025-08-12 10:00:31.900,MO2508-C-7700,0.6,0.2,0.6
2025-08-12,2025-08-12 10:00:32.900,MO2508-C-7700,0.6,0.2,0.6
2025-08-12,2025-08-12 10:00:33.400,MO2508-C-7700,0.6,0.2,0.6
2025-08-12,2025-08-12 10:00:33.900,MO2508-C-7700,0.6,0.2,0.6
2025-08-12,2025-08-12 10:00:34.400,MO2508-C-7700,0.6,0.2,0.6
2025-08-12,2025-08-12 10:00:35.400,MO2508-C-7700,0.6,0.2,0.6
2025-08-12,2025-08-12 10:00:35.900,MO2508-C-7700,0.6,0.2,0.6
2025-08-12,2025-08-12 10:00:36.900,MO2508-C-7700,0.6,0.2,0.6
2025-08-12,2025-08-12 10:00:37.400,MO2508-C-7700,0.6,0.2,0.6
2025-08-12,2025-08-12 10:00:38.400,MO2508-C-7700,0.6,0.2,0.6
2025-08-12,2025-08-12 10:00:41.400,MO2508-C-7700,0.6,0.2,0.4
2025-08-12,2025-08-12 10:00:41.900,MO2508-C-7700,0.6,0.2,0.4
2025-08-12,2025-08-12 10:00:46.400,MO2508-C-7700,0.6,0.2,0.4
2025-08-12,2025-08-12 10:00:47.400,MO2508-C-7700,0.6,0.2,0.4
2025-08-12,2025-08-12 10:00:51.900,MO2508-C-7700,0.6,0.2,0.4
2025-08-12,2025-08-12 10:01:17.400,MO2508-C-7700,0.6,0.2,0.4
2025-08-12,2025-08-12 10:01:17.900,MO2508-C-7700,0.6,0.2,0.4
2025-08-12,2025-08-12 10:01:28.900,MO2508-C-7700,0.6,0.2,0.4
2025-08-12,2025-08-12 10:01:29.400,MO2508-C-7700,0.6,0.2,0.4
2025-08-12,2025-08-12 10:01:39.400,MO2508-C-7700,0.6,0.2,0.4
2025-08-12,2025-08-12 10:01:42.400,MO2508-C-7700,0.6,0.2,0.4
2025-08-12,2025-08-12 10:01:48.900,MO2508-C-7700,0.6,0.2,0.4
2025-08-12,2025-08-12 10:01:55.400,MO2508-C-7700,0.6,0.2,0.4
2025-08-12,2025-08-12 10:01:55.900,MO2508-C-7700,0.6,0.2,0.4
2025-08-12,2025-08-12 10:01:56.400,MO2508-C-7700,0.6,0.2,0.4
2025-08-12,2025-08-12 10:02:00.400,MO2508-C-7700,0.6,0.2,0.4
2025-08-12,2025-08-12 10:02:00.900,MO2508-C-7700,0.6,0.2,0.4
2025-08-12,2025-08-12 10:02:28.400,MO2508-C-7700,0.6,0.2,0.4
2025-08-12,2025-08-12 10:03:17.900,MO2508-C-7700,0.6,0.2,0.4
2025-08-12,2025-08-12 10:03:33.900,MO2508-C-7700,0.6,0.2,0.4
2025-08-12,2025-08-12 10:03:43.900,MO2508-C-7700,0.6,0.2,0.4
2025-08-12,2025-08-12 10:03:55.900,MO2508-C-7700,0.6,0.2,0.4
2025-08-12,2025-08-12 10:04:18.900,MO2508-C-7700,0.6,0.2,0.4
2025-08-12,2025-08-12 10:04:19.400,MO2508-C-7700,0.6,0.4,0.6
2025-08-12,2025-08-12 10:04:19.900,MO2508-C-7700,0.6,0.4,0.6
2025-08-12,2025-08-12 10:04:20.400,MO2508-C-7700,0.6,0.4,0.6
2025-08-12,2025-08-12 10:04:35.900,MO2508-C-7700,0.6,0.4,0.6
2025-08-12,2025-08-12 10:04:41.400,MO2508-C-7700,0.6,0.4,0.6
2025-08-12,2025-08-12 10:04:41.900,MO2508-C-7700,0.6,0.4,0.6
2025-08-12,2025-08-12 10:04:47.400,MO2508-C-7700,0.6,0.4,0.6
2025-08-12,2025-08-12 10:05:47.900,MO2508-C-7700,0.6,0.4,0.6
2025-08-12,2025-08-12 10:06:08.400,MO2508-C-7700,0.6,0.4,0.6
2025-08-12,2025-08-12 10:06:08.900,MO2508-C-7700,0.6,0.4,0.6
2025-08-12,2025-08-12 10:06:13.400,MO2508-C-7700,0.6,0.4,0.6
2025-08-12,2025-08-12 10:06:40.900,MO2508-C-7700,0.6,0.4,0.6
2025-08-12,2025-08-12 10:06:44.400,MO2508-C-7700,0.6,0.4,0.6
2025-08-12,2025-08-12 10:06:46.400,MO2508-C-7700,0.6,0.4,0.6
2025-08-12,2025-08-12 10:06:49.400,MO2508-C-7700,0.6,0.4,0.6
2025-08-12,2025-08-12 10:07:33.900,MO2508-C-7700,0.6,0.4,0.6
2025-08-12,2025-08-12 10:07:36.400,MO2508-C-7700,0.6,0.4,0.6
2025-08-12,2025-08-12 10:07:39.400,MO2508-C-7700,0.6,0.4,0.6
2025-08-12,2025-08-12 10:07:41.900,MO2508-C-7700,0.6,0.4,0.6
2025-08-12,2025-08-12 10:07:47.400,MO2508-C-7700,0.6,0.4,0.6
2025-08-12,2025-08-12 10:07:47.900,MO2508-C-7700,0.6,0.4,0.6
2025-08-12,2025-08-12 10:08:01.900,MO2508-C-7700,0.6,0.4,0.6
2025-08-12,2025-08-12 10:08:19.400,MO2508-C-7700,0.6,0.4,0.6
2025-08-12,2025-08-12 10:08:22.900,MO2508-C-7700,0.6,0.4,0.6
2025-08-12,2025-08-12 10:08:23.400,MO2508-C-7700,0.6,0.4,0.6
2025-08-12,2025-08-12 10:08:39.900,MO2508-C-7700,0.6,0.4,0.6
2025-08-12,2025-08-12 10:09:01.400,MO2508-C-7700,0.6,0.4,0.6
2025-08-12,2025-08-12 10:09:04.400,MO2508-C-7700,0.6,0.4,0.6
2025-08-12,2025-08-12 10:09:11.400,MO2508-C-7700,0.6,0.4,0.6
2025-08-12,2025-08-12 10:09:12.400,MO2508-C-7700,0.6,0.4,0.6
2025-08-12,2025-08-12 10:09:35.400,MO2508-C-7700,0.6,0.4,0.6
2025-08-12,2025-08-12 10:09:44.400,MO2508-C-7700,0.6,0.4,0.6
2025-08-12,2025-08-12 10:10:13.900,MO2508-C-7700,0.6,0.4,0.6
2025-08-12,2025-08-12 10:10:27.900,MO2508-C-7700,0.6,0.4,0.6
2025-08-12,2025-08-12 10:10:28.400,MO2508-C-7700,0.6,0.4,0.6
2025-08-12,2025-08-12 10:10:41.400,MO2508-C-7700,0.6,0.4,0.6
2025-08-12,2025-08-12 10:10:41.900,MO2508-C-7700,0.6,0.4,0.6
2025-08-12,2025-08-12 10:10:42.400,MO2508-C-7700,0.6,0.4,0.6
2025-08-12,2025-08-12 10:10:50.400,MO2508-C-7700,0.6,0.4,0.6
2025-08-12,2025-08-12 10:10:57.900,MO2508-C-7700,0.6,0.4,0.6
2025-08-12,2025-08-12 10:11:00.900,MO2508-C-7700,0.6,0.4,0.6
2025-08-12,2025-08-12 10:11:32.400,MO2508-C-7700,0.6,0.4,0.6
2025-08-12,2025-08-12 10:11:43.400,MO2508-C-7700,0.6,0.4,0.6
2025-08-12,2025-08-12 10:11:52.400,MO2508-C-7700,0.6,0.4,0.6
2025-08-12,2025-08-12 10:11:56.900,MO2508-C-7700,0.6,0.4,0.6
2025-08-12,2025-08-12 10:11:57.400,MO2508-C-7700,0.6,0.4,0.6
2025-08-12,2025-08-12 10:12:11.900,MO2508-C-7700,0.6,0.4,0.6
2025-08-12,2025-08-12 10:12:21.400,MO2508-C-7700,0.6,0.4,0.6
2025-08-12,2025-08-12 10:12:22.400,MO2508-C-7700,0.6,0.4,0.6
2025-08-12,2025-08-12 10:12:23.400,MO2508-C-7700,0.6,0.4,0.6
2025-08-12,2025-08-12 10:12:25.900,MO2508-C-7700,0.6,0.4,0.6
2025-08-12,2025-08-12 10:12:36.900,MO2508-C-7700,0.6,0.4,0.6
2025-08-12,2025-08-12 10:12:37.400,MO2508-C-7700,0.6,0.4,0.6
2025-08-12,2025-08-12 10:12:37.900,MO2508-C-7700,0.6,0.4,0.6
2025-08-12,2025-08-12 10:12:40.400,MO2508-C-7700,0.6,0.4,0.6
2025-08-12,2025-08-12 10:12:45.900,MO2508-C-7700,0.6,0.4,0.6
2025-08-12,2025-08-12 10:12:46.400,MO2508-C-7700,0.6,0.4,0.6
2025-08-12,2025-08-12 10:12:46.900,MO2508-C-7700,0.6,0.4,0.6
2025-08-12,2025-08-12 10:12:47.400,MO2508-C-7700,0.6,0.4,0.6
2025-08-12,2025-08-12 10:12:59.400,MO2508-C-7700,0.6,0.4,0.6
2025-08-12,2025-08-12 10:13:08.900,MO2508-C-7700,0.6,0.4,0.6
2025-08-12,2025-08-12 10:13:30.900,MO2508-C-7700,0.6,0.4,0.6
2025-08-12,2025-08-12 10:13:53.400,MO2508-C-7700,0.6,0.4,0.6
2025-08-12,2025-08-12 10:13:53.900,MO2508-C-7700,0.6,0.4,0.6
2025-08-12,2025-08-12 10:14:07.400,MO2508-C-7700,0.6,0.4,0.6
2025-08-12,2025-08-12 10:15:00.400,MO2508-C-7700,0.6,0.4,0.6
2025-08-12,2025-08-12 10:15:19.900,MO2508-C-7700,0.6,0.4,0.6
2025-08-12,2025-08-12 10:15:20.900,MO2508-C-7700,0.6,0.4,0.6
2025-08-12,2025-08-12 10:15:21.400,MO2508-C-7700,0.6,0.4,0.6
2025-08-12,2025-08-12 10:15:30.900,MO2508-C-7700,0.6,0.4,0.6
2025-08-12,2025-08-12 10:15:59.400,MO2508-C-7700,0.6,0.4,0.6
2025-08-12,2025-08-12 10:16:16.900,MO2508-C-7700,0.6,0.4,0.6
2025-08-12,2025-08-12 10:16:54.400,MO2508-C-7700,0.6,0.4,0.6
2025-08-12,2025-08-12 10:16:55.900,MO2508-C-7700,0.6,0.4,0.6
2025-08-12,2025-08-12 10:17:05.900,MO2508-C-7700,0.6,0.4,0.6
2025-08-12,2025-08-12 10:17:10.400,MO2508-C-7700,0.6,0.4,0.6
2025-08-12,2025-08-12 10:17:10.900,MO2508-C-7700,0.6,0.4,0.6
2025-08-12,2025-08-12 10:17:11.400,MO2508-C-7700,0.6,0.4,0.6
2025-08-12,2025-08-12 10:17:12.400,MO2508-C-7700,0.6,0.4,0.6
2025-08-12,2025-08-12 10:17:38.900,MO2508-C-7700,0.6,0.4,0.6
2025-08-12,2025-08-12 10:17:43.900,MO2508-C-7700,0.6,0.4,0.6
2025-08-12,2025-08-12 10:17:44.400,MO2508-C-7700,0.6,0.4,0.6
2025-08-12,2025-08-12 10:18:28.400,MO2508-C-7700,0.6,0.4,0.6
2025-08-12,2025-08-12 10:19:08.900,MO2508-C-7700,0.6,0.4,0.6
2025-08-12,2025-08-12 10:19:09.900,MO2508-C-7700,0.6,0.4,0.6
2025-08-12,2025-08-12 10:19:19.400,MO2508-C-7700,0.6,0.4,0.6
2025-08-12,2025-08-12 10:20:07.400,MO2508-C-7700,0.6,0.4,0.6
2025-08-12,2025-08-12 10:20:07.900,MO2508-C-7700,0.6,0.4,0.6
2025-08-12,2025-08-12 10:20:19.400,MO2508-C-7700,0.6,0.4,0.6
2025-08-12,2025-08-12 10:20:19.900,MO2508-C-7700,0.6,0.4,0.6
2025-08-12,2025-08-12 10:20:48.900,MO2508-C-7700,0.6,0.4,0.6
2025-08-12,2025-08-12 10:20:49.400,MO2508-C-7700,0.6,0.4,0.6
2025-08-12,2025-08-12 10:21:21.400,MO2508-C-7700,0.6,0.4,0.6
2025-08-12,2025-08-12 10:21:21.900,MO2508-C-7700,0.6,0.4,0.6
2025-08-12,2025-08-12 10:21:22.400,MO2508-C-7700,0.6,0.4,0.6
2025-08-12,2025-08-12 10:21:40.900,MO2508-C-7700,0.6,0.4,0.6
2025-08-12,2025-08-12 10:22:19.900,MO2508-C-7700,0.6,0.4,0.6
2025-08-12,2025-08-12 10:22:20.400,MO2508-C-7700,0.6,0.4,0.6
2025-08-12,2025-08-12 10:22:22.400,MO2508-C-7700,0.6,0.4,0.6
2025-08-12,2025-08-12 10:22:43.900,MO2508-C-7700,0.6,0.4,0.6
2025-08-12,2025-08-12 10:22:44.400,MO2508-C-7700,0.6,0.4,0.6
2025-08-12,2025-08-12 10:22:44.900,MO2508-C-7700,0.6,0.4,0.6
2025-08-12,2025-08-12 10:22:49.900,MO2508-C-7700,0.6,0.4,0.6
2025-08-12,2025-08-12 10:22:50.400,MO2508-C-7700,0.6,0.4,0.6
2025-08-12,2025-08-12 10:22:50.900,MO2508-C-7700,0.6,0.4,0.6
2025-08-12,2025-08-12 10:22:55.400,MO2508-C-7700,0.6,0.4,0.6
2025-08-12,2025-08-12 10:22:55.900,MO2508-C-7700,0.6,0.4,0.6
2025-08-12,2025-08-12 10:22:58.900,MO2508-C-7700,0.6,0.4,0.6
2025-08-12,2025-08-12 10:22:59.400,MO2508-C-7700,0.6,0.4,0.6
2025-08-12,2025-08-12 10:23:17.900,MO2508-C-7700,0.6,0.4,0.6
2025-08-12,2025-08-12 10:23:25.900,MO2508-C-7700,0.6,0.4,0.6
2025-08-12,2025-08-12 10:24:02.400,MO2508-C-7700,0.6,0.4,0.6
2025-08-12,2025-08-12 10:24:02.900,MO2508-C-7700,0.6,0.4,0.6
2025-08-12,2025-08-12 10:25:16.400,MO2508-C-7700,0.6,0.4,0.6
2025-08-12,2025-08-12 10:25:16.900,MO2508-C-7700,0.6,0.4,0.6
2025-08-12,2025-08-12 10:25:17.400,MO2508-C-7700,0.6,0.4,0.6
2025-08-12,2025-08-12 10:25:46.900,MO2508-C-7700,0.6,0.4,0.6
2025-08-12,2025-08-12 10:26:14.400,MO2508-C-7700,0.6,0.4,0.6
2025-08-12,2025-08-12 10:26:14.900,MO2508-C-7700,0.6,0.4,0.6
2025-08-12,2025-08-12 10:26:19.400,MO2508-C-7700,0.6,0.4,0.6
2025-08-12,2025-08-12 10:26:19.900,MO2508-C-7700,0.6,0.4,0.6
2025-08-12,2025-08-12 10:26:59.900,MO2508-C-7700,0.6,0.4,0.6
2025-08-12,2025-08-12 10:27:00.400,MO2508-C-7700,0.6,0.4,0.6
2025-08-12,2025-08-12 10:28:45.900,MO2508-C-7700,0.6,0.4,0.6
2025-08-12,2025-08-12 10:28:46.400,MO2508-C-7700,0.6,0.4,0.6
2025-08-12,2025-08-12 10:29:24.400,MO2508-C-7700,0.6,0.4,0.6
2025-08-12,2025-08-12 10:29:49.900,MO2508-C-7700,0.6,0.4,0.6
2025-08-12,2025-08-12 10:29:57.400,MO2508-C-7700,0.6,0.4,0.6
2025-08-12,2025-08-12 10:29:57.900,MO2508-C-7700,0.6,0.4,0.6
2025-08-12,2025-08-12 10:30:05.400,MO2508-C-7700,0.6,0.4,0.6
2025-08-12,2025-08-12 10:30:11.400,MO2508-C-7700,0.6,0.4,0.6
2025-08-12,2025-08-12 10:30:17.400,MO2508-C-7700,0.6,0.4,0.6
2025-08-12,2025-08-12 10:30:19.400,MO2508-C-7700,0.6,0.4,0.6
2025-08-12,2025-08-12 10:30:20.400,MO2508-C-7700,0.6,0.4,0.6
2025-08-12,2025-08-12 10:30:46.400,MO2508-C-7700,0.6,0.4,0.6
2025-08-12,2025-08-12 10:30:47.400,MO2508-C-7700,0.6,0.4,0.6
2025-08-12,2025-08-12 10:30:48.400,MO2508-C-7700,0.6,0.4,0.6
2025-08-12,2025-08-12 10:31:04.900,MO2508-C-7700,0.6,0.4,0.6
2025-08-12,2025-08-12 10:31:05.400,MO2508-C-7700,0.6,0.4,0.6
2025-08-12,2025-08-12 10:31:14.900,MO2508-C-7700,0.6,0.4,0.6
2025-08-12,2025-08-12 10:31:21.400,MO2508-C-7700,0.6,0.4,0.6
2025-08-12,2025-08-12 10:31:21.900,MO2508-C-7700,0.6,0.4,0.6
2025-08-12,2025-08-12 10:31:26.400,MO2508-C-7700,0.6,0.4,0.6
2025-08-12,2025-08-12 10:31:26.900,MO2508-C-7700,0.6,0.4,0.6
2025-08-12,2025-08-12 10:31:41.900,MO2508-C-7700,0.6,0.4,0.6
2025-08-12,2025-08-12 10:31:42.400,MO2508-C-7700,0.6,0.4,0.6
2025-08-12,2025-08-12 10:31:42.900,MO2508-C-7700,0.6,0.4,0.6
2025-08-12,2025-08-12 10:31:43.400,MO2508-C-7700,0.6,0.4,0.6
2025-08-12,2025-08-12 10:31:45.400,MO2508-C-7700,0.6,0.4,0.6
2025-08-12,2025-08-12 10:31:51.400,MO2508-C-7700,0.6,0.4,0.6
2025-08-12,2025-08-12 10:31:51.900,MO2508-C-7700,0.6,0.4,0.6
2025-08-12,2025-08-12 10:31:54.900,MO2508-C-7700,0.6,0.4,0.6
2025-08-12,2025-08-12 10:31:56.400,MO2508-C-7700,0.6,0.4,0.6
2025-08-12,2025-08-12 10:32:30.400,MO2508-C-7700,0.6,0.4,0.6
2025-08-12,2025-08-12 10:32:50.900,MO2508-C-7700,0.6,0.4,0.6
2025-08-12,2025-08-12 10:32:51.400,MO2508-C-7700,0.6,0.4,0.6
2025-08-12,2025-08-12 10:33:09.900,MO2508-C-7700,0.6,0.4,0.6
2025-08-12,2025-08-12 10:33:50.400,MO2508-C-7700,0.6,0.4,0.6
2025-08-12,2025-08-12 10:33:50.900,MO2508-C-7700,0.6,0.4,0.6
2025-08-12,2025-08-12 10:33:56.400,MO2508-C-7700,0.6,0.4,0.6
2025-08-12,2025-08-12 10:33:58.400,MO2508-C-7700,0.6,0.4,0.6
2025-08-12,2025-08-12 10:34:01.400,MO2508-C-7700,0.6,0.4,0.6
2025-08-12,2025-08-12 10:34:12.400,MO2508-C-7700,0.6,0.4,0.6
2025-08-12,2025-08-12 10:34:12.900,MO2508-C-7700,0.6,0.4,0.6
2025-08-12,2025-08-12 10:34:15.900,MO2508-C-7700,0.6,0.4,0.6
2025-08-12,2025-08-12 10:34:32.900,MO2508-C-7700,0.6,0.4,0.6
2025-08-12,2025-08-12 10:34:33.400,MO2508-C-7700,0.6,0.4,0.6
2025-08-12,2025-08-12 10:34:35.900,MO2508-C-7700,0.6,0.4,0.6
2025-08-12,2025-08-12 10:35:16.900,MO2508-C-7700,0.4,0.4,0.6
2025-08-12,2025-08-12 10:35:17.400,MO2508-C-7700,0.4,0.4,0.6
2025-08-12,2025-08-12 10:35:27.900,MO2508-C-7700,0.4,0.4,0.6
2025-08-12,2025-08-12 10:35:29.900,MO2508-C-7700,0.4,0.4,0.6
2025-08-12,2025-08-12 10:35:30.400,MO2508-C-7700,0.4,0.4,0.6
2025-08-12,2025-08-12 10:36:28.900,MO2508-C-7700,0.4,0.4,0.6
2025-08-12,2025-08-12 10:36:43.900,MO2508-C-7700,0.4,0.4,0.6
2025-08-12,2025-08-12 10:37:02.400,MO2508-C-7700,0.4,0.4,0.6
2025-08-12,2025-08-12 10:38:20.900,MO2508-C-7700,0.4,0.4,0.6
2025-08-12,2025-08-12 10:40:13.900,MO2508-C-7700,0.4,0.4,0.6
2025-08-12,2025-08-12 10:40:14.400,MO2508-C-7700,0.4,0.4,0.6
2025-08-12,2025-08-12 10:40:14.900,MO2508-C-7700,0.4,0.4,0.6
2025-08-12,2025-08-12 10:41:18.900,MO2508-C-7700,0.4,0.4,0.6
2025-08-12,2025-08-12 10:41:19.400,MO2508-C-7700,0.4,0.4,0.6
2025-08-12,2025-08-12 10:41:45.900,MO2508-C-7700,0.4,0.4,0.6
2025-08-12,2025-08-12 10:41:46.400,MO2508-C-7700,0.4,0.4,0.6
2025-08-12,2025-08-12 10:41:46.900,MO2508-C-7700,0.4,0.4,0.6
2025-08-12,2025-08-12 10:41:56.900,MO2508-C-7700,0.4,0.4,0.6
2025-08-12,2025-08-12 10:42:02.900,MO2508-C-7700,0.4,0.4,0.6
2025-08-12,2025-08-12 10:42:03.400,MO2508-C-7700,0.4,0.4,0.6
2025-08-12,2025-08-12 10:42:03.900,MO2508-C-7700,0.4,0.4,0.6
2025-08-12,2025-08-12 10:42:04.900,MO2508-C-7700,0.4,0.4,0.6
2025-08-12,2025-08-12 10:42:05.400,MO2508-C-7700,0.4,0.4,0.6
2025-08-12,2025-08-12 10:42:06.900,MO2508-C-7700,0.4,0.4,0.6
2025-08-12,2025-08-12 10:42:07.400,MO2508-C-7700,0.4,0.4,0.6
2025-08-12,2025-08-12 10:42:07.900,MO2508-C-7700,0.4,0.4,0.6
2025-08-12,2025-08-12 10:42:21.400,MO2508-C-7700,0.4,0.4,0.6
2025-08-12,2025-08-12 10:42:21.900,MO2508-C-7700,0.4,0.4,0.6
2025-08-12,2025-08-12 10:42:25.400,MO2508-C-7700,0.4,0.4,0.6
2025-08-12,2025-08-12 10:42:27.400,MO2508-C-7700,0.4,0.4,0.6
2025-08-12,2025-08-12 10:42:28.400,MO2508-C-7700,0.4,0.4,0.6
2025-08-12,2025-08-12 10:42:31.400,MO2508-C-7700,0.4,0.4,0.6
2025-08-12,2025-08-12 10:42:33.400,MO2508-C-7700,0.4,0.4,0.6
2025-08-12,2025-08-12 10:42:34.400,MO2508-C-7700,0.4,0.4,0.6
2025-08-12,2025-08-12 10:42:47.900,MO2508-C-7700,0.4,0.4,0.6
2025-08-12,2025-08-12 10:42:48.400,MO2508-C-7700,0.4,0.4,0.6
2025-08-12,2025-08-12 10:43:23.900,MO2508-C-7700,0.4,0.4,0.6
2025-08-12,2025-08-12 10:43:50.400,MO2508-C-7700,0.6,0.4,0.6
2025-08-12,2025-08-12 10:43:50.900,MO2508-C-7700,0.6,0.4,0.6
2025-08-12,2025-08-12 10:44:01.900,MO2508-C-7700,0.6,0.4,0.6
2025-08-12,2025-08-12 10:45:08.900,MO2508-C-7700,0.6,0.4,0.6
2025-08-12,2025-08-12 10:45:09.400,MO2508-C-7700,0.6,0.4,0.6
2025-08-12,2025-08-12 10:45:21.900,MO2508-C-7700,0.6,0.4,0.6
2025-08-12,2025-08-12 10:45:22.400,MO2508-C-7700,0.6,0.4,0.6
2025-08-12,2025-08-12 10:45:24.400,MO2508-C-7700,0.6,0.4,0.6
2025-08-12,2025-08-12 10:48:01.900,MO2508-C-7700,0.6,0.4,0.6
2025-08-12,2025-08-12 10:48:02.400,MO2508-C-7700,0.6,0.4,0.6
2025-08-12,2025-08-12 10:48:03.400,MO2508-C-7700,0.6,0.4,0.6
2025-08-12,2025-08-12 10:48:37.400,MO2508-C-7700,0.6,0.4,0.6
2025-08-12,2025-08-12 10:48:53.400,MO2508-C-7700,0.6,0.4,0.6
2025-08-12,2025-08-12 10:48:53.900,MO2508-C-7700,0.6,0.4,0.6
2025-08-12,2025-08-12 10:49:27.900,MO2508-C-7700,0.6,0.4,0.6
2025-08-12,2025-08-12 10:49:28.400,MO2508-C-7700,0.6,0.4,0.6
2025-08-12,2025-08-12 10:50:02.400,MO2508-C-7700,0.6,0.4,0.6
2025-08-12,2025-08-12 10:51:37.900,MO2508-C-7700,0.6,0.4,0.6
2025-08-12,2025-08-12 10:51:57.900,MO2508-C-7700,0.6,0.4,0.6
2025-08-12,2025-08-12 10:51:58.400,MO2508-C-7700,0.6,0.4,0.6
2025-08-12,2025-08-12 10:52:02.400,MO2508-C-7700,0.6,0.4,0.6
2025-08-12,2025-08-12 10:52:04.400,MO2508-C-7700,0.6,0.4,0.6
2025-08-12,2025-08-12 10:52:04.900,MO2508-C-7700,0.6,0.4,0.6
2025-08-12,2025-08-12 10:53:23.400,MO2508-C-7700,0.6,0.4,0.6
2025-08-12,2025-08-12 10:53:23.900,MO2508-C-7700,0.6,0.4,0.6
2025-08-12,2025-08-12 10:55:14.400,MO2508-C-7700,0.6,0.4,0.6
2025-08-12,2025-08-12 10:56:25.900,MO2508-C-7700,0.6,0.4,0.6
2025-08-12,2025-08-12 10:56:26.400,MO2508-C-7700,0.6,0.4,0.6
2025-08-12,2025-08-12 10:56:51.400,MO2508-C-7700,0.6,0.4,0.6
2025-08-12,2025-08-12 10:56:51.900,MO2508-C-7700,0.6,0.4,0.6
2025-08-12,2025-08-12 10:57:07.400,MO2508-C-7700,0.6,0.4,0.6
2025-08-12,2025-08-12 10:57:19.400,MO2508-C-7700,0.6,0.4,0.6
2025-08-12,2025-08-12 10:57:19.900,MO2508-C-7700,0.6,0.4,0.6
2025-08-12,2025-08-12 10:57:45.900,MO2508-C-7700,0.6,0.4,0.6
2025-08-12,2025-08-12 10:57:46.400,MO2508-C-7700,0.6,0.4,0.6
2025-08-12,2025-08-12 10:58:00.400,MO2508-C-7700,0.6,0.4,0.6
2025-08-12,2025-08-12 10:58:00.900,MO2508-C-7700,0.6,0.4,0.6
2025-08-12,2025-08-12 10:58:05.900,MO2508-C-7700,0.6,0.4,0.6
2025-08-12,2025-08-12 10:58:30.400,MO2508-C-7700,0.6,0.4,0.6
2025-08-12,2025-08-12 10:58:30.900,MO2508-C-7700,0.6,0.4,0.6
2025-08-12,2025-08-12 10:59:08.900,MO2508-C-7700,0.6,0.4,0.6
2025-08-12,2025-08-12 10:59:09.400,MO2508-C-7700,0.6,0.4,0.6
2025-08-12,2025-08-12 10:59:09.900,MO2508-C-7700,0.6,0.4,0.6
2025-08-12,2025-08-12 10:59:42.900,MO2508-C-7700,0.6,0.4,0.6
2025-08-12,2025-08-12 11:00:01.400,MO2508-C-7700,0.6,0.4,0.6
2025-08-12,2025-08-12 11:00:01.900,MO2508-C-7700,0.6,0.4,0.6
2025-08-12,2025-08-12 11:01:06.900,MO2508-C-7700,0.6,0.4,0.6
2025-08-12,2025-08-12 11:01:07.400,MO2508-C-7700,0.6,0.4,0.6
2025-08-12,2025-08-12 11:01:16.900,MO2508-C-7700,0.6,0.4,0.6
2025-08-12,2025-08-12 11:01:17.400,MO2508-C-7700,0.6,0.4,0.6
2025-08-12,2025-08-12 11:01:17.900,MO2508-C-7700,0.6,0.4,0.6
2025-08-12,2025-08-12 11:01:32.900,MO2508-C-7700,0.6,0.4,0.6
2025-08-12,2025-08-12 11:01:33.400,MO2508-C-7700,0.6,0.4,0.6
2025-08-12,2025-08-12 11:02:56.900,MO2508-C-7700,0.6,0.4,0.6
2025-08-12,2025-08-12 11:02:57.400,MO2508-C-7700,0.6,0.4,0.6
2025-08-12,2025-08-12 11:02:57.900,MO2508-C-7700,0.6,0.4,0.6
2025-08-12,2025-08-12 11:03:01.400,MO2508-C-7700,0.6,0.4,0.6
2025-08-12,2025-08-12 11:03:01.900,MO2508-C-7700,0.6,0.4,0.6
2025-08-12,2025-08-12 11:03:14.900,MO2508-C-7700,0.6,0.4,0.6
2025-08-12,2025-08-12 11:03:15.400,MO2508-C-7700,0.6,0.4,0.6
2025-08-12,2025-08-12 11:03:15.900,MO2508-C-7700,0.6,0.4,0.6
2025-08-12,2025-08-12 11:04:13.900,MO2508-C-7700,0.6,0.4,0.6
2025-08-12,2025-08-12 11:04:35.400,MO2508-C-7700,0.6,0.4,0.6
2025-08-12,2025-08-12 11:04:35.900,MO2508-C-7700,0.6,0.4,0.6
2025-08-12,2025-08-12 11:04:36.400,MO2508-C-7700,0.6,0.4,0.6
2025-08-12,2025-08-12 11:04:36.900,MO2508-C-7700,0.6,0.4,0.6
2025-08-12,2025-08-12 11:04:45.900,MO2508-C-7700,0.6,0.4,0.6
2025-08-12,2025-08-12 11:04:46.400,MO2508-C-7700,0.6,0.4,0.6
2025-08-12,2025-08-12 11:04:56.400,MO2508-C-7700,0.6,0.4,0.6
2025-08-12,2025-08-12 11:04:56.900,MO2508-C-7700,0.6,0.4,0.6
2025-08-12,2025-08-12 11:06:01.900,MO2508-C-7700,0.6,0.4,0.6
2025-08-12,2025-08-12 11:06:02.900,MO2508-C-7700,0.6,0.2,0.6
2025-08-12,2025-08-12 11:06:03.400,MO2508-C-7700,0.6,0.2,0.6
2025-08-12,2025-08-12 11:06:04.400,MO2508-C-7700,0.6,0.2,0.6
2025-08-12,2025-08-12 11:06:05.400,MO2508-C-7700,0.6,0.2,0.6
2025-08-12,2025-08-12 11:06:06.400,MO2508-C-7700,0.6,0.2,0.6
2025-08-12,2025-08-12 11:06:06.900,MO2508-C-7700,0.6,0.2,0.6
2025-08-12,2025-08-12 11:06:07.400,MO2508-C-7700,0.6,0.2,0.6
2025-08-12,2025-08-12 11:06:08.400,MO2508-C-7700,0.6,0.2,0.6
2025-08-12,2025-08-12 11:06:09.900,MO2508-C-7700,0.6,0.2,0.6
2025-08-12,2025-08-12 11:06:12.400,MO2508-C-7700,0.6,0.2,0.6
2025-08-12,2025-08-12 11:06:12.900,MO2508-C-7700,0.6,0.2,0.6
2025-08-12,2025-08-12 11:06:13.900,MO2508-C-7700,0.6,0.2,0.6
2025-08-12,2025-08-12 11:06:14.900,MO2508-C-7700,0.6,0.2,0.6
2025-08-12,2025-08-12 11:06:15.400,MO2508-C-7700,0.6,0.2,0.6
2025-08-12,2025-08-12 11:06:16.400,MO2508-C-7700,0.6,0.2,0.6
2025-08-12,2025-08-12 11:06:16.900,MO2508-C-7700,0.6,0.2,0.6
2025-08-12,2025-08-12 11:06:17.400,MO2508-C-7700,0.6,0.2,0.6
2025-08-12,2025-08-12 11:06:18.400,MO2508-C-7700,0.6,0.2,0.6
2025-08-12,2025-08-12 11:06:18.900,MO2508-C-7700,0.6,0.2,0.6
2025-08-12,2025-08-12 11:06:20.400,MO2508-C-7700,0.6,0.2,0.6
2025-08-12,2025-08-12 11:06:21.900,MO2508-C-7700,0.6,0.2,0.6
2025-08-12,2025-08-12 11:06:22.400,MO2508-C-7700,0.6,0.2,0.6
2025-08-12,2025-08-12 11:06:22.900,MO2508-C-7700,0.6,0.2,0.6
2025-08-12,2025-08-12 11:06:23.400,MO2508-C-7700,0.6,0.2,0.6
2025-08-12,2025-08-12 11:06:24.400,MO2508-C-7700,0.6,0.2,0.6
2025-08-12,2025-08-12 11:06:24.900,MO2508-C-7700,0.6,0.2,0.6
2025-08-12,2025-08-12 11:06:26.400,MO2508-C-7700,0.6,0.2,0.6
2025-08-12,2025-08-12 11:06:29.400,MO2508-C-7700,0.6,0.2,0.6
2025-08-12,2025-08-12 11:06:29.900,MO2508-C-7700,0.6,0.2,0.6
2025-08-12,2025-08-12 11:06:30.400,MO2508-C-7700,0.6,0.2,0.6
2025-08-12,2025-08-12 11:06:30.900,MO2508-C-7700,0.6,0.2,0.6
2025-08-12,2025-08-12 11:06:31.400,MO2508-C-7700,0.6,0.2,0.6
2025-08-12,2025-08-12 11:06:31.900,MO2508-C-7700,0.6,0.2,0.6
2025-08-12,2025-08-12 11:06:32.400,MO2508-C-7700,0.6,0.2,0.6
2025-08-12,2025-08-12 11:06:36.400,MO2508-C-7700,0.6,0.2,0.6
2025-08-12,2025-08-12 11:06:37.400,MO2508-C-7700,0.6,0.2,0.6
2025-08-12,2025-08-12 11:06:37.900,MO2508-C-7700,0.6,0.2,0.6
2025-08-12,2025-08-12 11:06:39.400,MO2508-C-7700,0.6,0.2,0.6
2025-08-12,2025-08-12 11:06:39.900,MO2508-C-7700,0.6,0.2,0.6
2025-08-12,2025-08-12 11:06:40.900,MO2508-C-7700,0.6,0.2,0.6
2025-08-12,2025-08-12 11:06:41.400,MO2508-C-7700,0.6,0.2,0.6
2025-08-12,2025-08-12 11:06:42.400,MO2508-C-7700,0.6,0.2,0.6
2025-08-12,2025-08-12 11:06:42.900,MO2508-C-7700,0.6,0.2,0.6
2025-08-12,2025-08-12 11:06:43.400,MO2508-C-7700,0.6,0.2,0.6
2025-08-12,2025-08-12 11:06:43.900,MO2508-C-7700,0.6,0.2,0.6
2025-08-12,2025-08-12 11:06:44.400,MO2508-C-7700,0.6,0.2,0.6
2025-08-12,2025-08-12 11:06:45.900,MO2508-C-7700,0.6,0.2,0.6
2025-08-12,2025-08-12 11:06:46.400,MO2508-C-7700,0.6,0.2,0.6
2025-08-12,2025-08-12 11:06:48.900,MO2508-C-7700,0.6,0.2,0.6
2025-08-12,2025-08-12 11:06:49.400,MO2508-C-7700,0.6,0.2,0.6
2025-08-12,2025-08-12 11:06:51.400,MO2508-C-7700,0.6,0.2,0.6
2025-08-12,2025-08-12 11:06:52.400,MO2508-C-7700,0.6,0.2,0.6
2025-08-12,2025-08-12 11:06:52.900,MO2508-C-7700,0.6,0.2,0.6
2025-08-12,2025-08-12 11:06:53.400,MO2508-C-7700,0.6,0.2,0.6
2025-08-12,2025-08-12 11:06:53.900,MO2508-C-7700,0.6,0.2,0.6
2025-08-12,2025-08-12 11:06:54.400,MO2508-C-7700,0.6,0.2,0.6
2025-08-12,2025-08-12 11:06:54.900,MO2508-C-7700,0.6,0.2,0.6
2025-08-12,2025-08-12 11:06:55.400,MO2508-C-7700,0.6,0.2,0.6
2025-08-12,2025-08-12 11:06:56.900,MO2508-C-7700,0.6,0.2,0.6
2025-08-12,2025-08-12 11:06:57.400,MO2508-C-7700,0.6,0.2,0.6
2025-08-12,2025-08-12 11:06:58.900,MO2508-C-7700,0.6,0.2,0.6
2025-08-12,2025-08-12 11:06:59.400,MO2508-C-7700,0.6,0.2,0.6
2025-08-12,2025-08-12 11:07:01.900,MO2508-C-7700,0.6,0.2,0.6
2025-08-12,2025-08-12 11:07:03.900,MO2508-C-7700,0.6,0.2,0.6
2025-08-12,2025-08-12 11:07:04.900,MO2508-C-7700,0.6,0.2,0.6
2025-08-12,2025-08-12 11:07:06.900,MO2508-C-7700,0.6,0.2,0.6
2025-08-12,2025-08-12 11:07:07.900,MO2508-C-7700,0.6,0.2,0.6
2025-08-12,2025-08-12 11:07:08.900,MO2508-C-7700,0.6,0.2,0.6
2025-08-12,2025-08-12 11:07:10.400,MO2508-C-7700,0.6,0.2,0.6
2025-08-12,2025-08-12 11:07:10.900,MO2508-C-7700,0.6,0.2,0.6
2025-08-12,2025-08-12 11:07:11.900,MO2508-C-7700,0.6,0.2,0.6
2025-08-12,2025-08-12 11:07:13.400,MO2508-C-7700,0.6,0.2,0.6
2025-08-12,2025-08-12 11:07:14.900,MO2508-C-7700,0.6,0.2,0.6
2025-08-12,2025-08-12 11:07:15.400,MO2508-C-7700,0.6,0.2,0.6
2025-08-12,2025-08-12 11:07:15.900,MO2508-C-7700,0.6,0.2,0.6
2025-08-12,2025-08-12 11:07:16.900,MO2508-C-7700,0.6,0.2,0.6
2025-08-12,2025-08-12 11:07:18.400,MO2508-C-7700,0.6,0.2,0.6
2025-08-12,2025-08-12 11:07:19.400,MO2508-C-7700,0.6,0.2,0.6
2025-08-12,2025-08-12 11:07:19.900,MO2508-C-7700,0.6,0.2,0.6
2025-08-12,2025-08-12 11:07:21.400,MO2508-C-7700,0.6,0.2,0.6
2025-08-12,2025-08-12 11:07:23.400,MO2508-C-7700,0.6,0.2,0.6
2025-08-12,2025-08-12 11:07:23.900,MO2508-C-7700,0.6,0.2,0.6
2025-08-12,2025-08-12 11:07:24.900,MO2508-C-7700,0.6,0.2,0.6
2025-08-12,2025-08-12 11:07:25.400,MO2508-C-7700,0.6,0.2,0.6
2025-08-12,2025-08-12 11:07:25.900,MO2508-C-7700,0.6,0.2,0.6
2025-08-12,2025-08-12 11:07:26.400,MO2508-C-7700,0.6,0.2,0.6
2025-08-12,2025-08-12 11:07:26.900,MO2508-C-7700,0.6,0.2,0.6
2025-08-12,2025-08-12 11:07:27.400,MO2508-C-7700,0.6,0.2,0.6
2025-08-12,2025-08-12 11:07:27.900,MO2508-C-7700,0.6,0.2,0.6
2025-08-12,2025-08-12 11:07:28.400,MO2508-C-7700,0.6,0.2,0.6
2025-08-12,2025-08-12 11:07:28.900,MO2508-C-7700,0.6,0.2,0.6
2025-08-12,2025-08-12 11:07:29.400,MO2508-C-7700,0.6,0.2,0.6
2025-08-12,2025-08-12 11:07:31.400,MO2508-C-7700,0.6,0.2,0.6
2025-08-12,2025-08-12 11:07:31.900,MO2508-C-7700,0.6,0.2,0.6
2025-08-12,2025-08-12 11:07:32.400,MO2508-C-7700,0.6,0.2,0.6
2025-08-12,2025-08-12 11:07:35.400,MO2508-C-7700,0.6,0.2,0.6
2025-08-12,2025-08-12 11:07:36.400,MO2508-C-7700,0.6,0.2,0.6
2025-08-12,2025-08-12 11:07:39.900,MO2508-C-7700,0.6,0.2,0.6
2025-08-12,2025-08-12 11:07:40.900,MO2508-C-7700,0.6,0.2,0.6
2025-08-12,2025-08-12 11:07:41.400,MO2508-C-7700,0.6,0.2,0.6
2025-08-12,2025-08-12 11:07:41.900,MO2508-C-7700,0.6,0.2,0.6
2025-08-12,2025-08-12 11:07:42.400,MO2508-C-7700,0.6,0.2,0.6
2025-08-12,2025-08-12 11:07:43.400,MO2508-C-7700,0.6,0.2,0.6
2025-08-12,2025-08-12 11:07:43.900,MO2508-C-7700,0.6,0.2,0.6
2025-08-12,2025-08-12 11:07:44.400,MO2508-C-7700,0.6,0.2,0.6
2025-08-12,2025-08-12 11:07:46.400,MO2508-C-7700,0.6,0.2,0.6
2025-08-12,2025-08-12 11:07:46.900,MO2508-C-7700,0.6,0.2,0.6
2025-08-12,2025-08-12 11:07:47.900,MO2508-C-7700,0.6,0.2,0.6
2025-08-12,2025-08-12 11:07:48.900,MO2508-C-7700,0.6,0.2,0.6
2025-08-12,2025-08-12 11:07:49.400,MO2508-C-7700,0.6,0.2,0.6
2025-08-12,2025-08-12 11:07:49.900,MO2508-C-7700,0.6,0.2,0.6
2025-08-12,2025-08-12 11:07:50.400,MO2508-C-7700,0.6,0.2,0.6
2025-08-12,2025-08-12 11:07:51.400,MO2508-C-7700,0.6,0.2,0.6
2025-08-12,2025-08-12 11:07:51.900,MO2508-C-7700,0.6,0.2,0.6
2025-08-12,2025-08-12 11:07:54.400,MO2508-C-7700,0.6,0.2,0.6
2025-08-12,2025-08-12 11:07:54.900,MO2508-C-7700,0.6,0.2,0.6
2025-08-12,2025-08-12 11:07:55.400,MO2508-C-7700,0.6,0.2,0.6
2025-08-12,2025-08-12 11:07:57.400,MO2508-C-7700,0.6,0.2,0.6
2025-08-12,2025-08-12 11:07:58.400,MO2508-C-7700,0.6,0.2,0.6
2025-08-12,2025-08-12 11:07:59.400,MO2508-C-7700,0.6,0.2,0.6
2025-08-12,2025-08-12 11:08:01.400,MO2508-C-7700,0.6,0.2,0.6
2025-08-12,2025-08-12 11:08:01.900,MO2508-C-7700,0.6,0.2,0.6
2025-08-12,2025-08-12 11:08:02.400,MO2508-C-7700,0.6,0.2,0.6
2025-08-12,2025-08-12 11:08:02.900,MO2508-C-7700,0.6,0.2,0.6
2025-08-12,2025-08-12 11:08:03.400,MO2508-C-7700,0.6,0.2,0.6
2025-08-12,2025-08-12 11:08:04.400,MO2508-C-7700,0.6,0.2,0.6
2025-08-12,2025-08-12 11:08:04.900,MO2508-C-7700,0.6,0.2,0.6
2025-08-12,2025-08-12 11:08:05.400,MO2508-C-7700,0.6,0.2,0.6
2025-08-12,2025-08-12 11:08:05.900,MO2508-C-7700,0.6,0.2,0.6
2025-08-12,2025-08-12 11:08:07.900,MO2508-C-7700,0.6,0.2,0.6
2025-08-12,2025-08-12 11:08:08.400,MO2508-C-7700,0.6,0.2,0.6
2025-08-12,2025-08-12 11:08:08.900,MO2508-C-7700,0.6,0.2,0.6
2025-08-12,2025-08-12 11:08:09.400,MO2508-C-7700,0.6,0.2,0.6
2025-08-12,2025-08-12 11:08:10.900,MO2508-C-7700,0.6,0.2,0.6
2025-08-12,2025-08-12 11:08:12.900,MO2508-C-7700,0.6,0.2,0.6
2025-08-12,2025-08-12 11:08:13.400,MO2508-C-7700,0.6,0.2,0.6
2025-08-12,2025-08-12 11:08:13.900,MO2508-C-7700,0.6,0.2,0.6
2025-08-12,2025-08-12 11:08:15.400,MO2508-C-7700,0.6,0.2,0.6
2025-08-12,2025-08-12 11:08:15.900,MO2508-C-7700,0.6,0.2,0.6
2025-08-12,2025-08-12 11:08:16.400,MO2508-C-7700,0.6,0.2,0.6
2025-08-12,2025-08-12 11:08:17.400,MO2508-C-7700,0.6,0.2,0.6
2025-08-12,2025-08-12 11:08:18.900,MO2508-C-7700,0.6,0.2,0.6
2025-08-12,2025-08-12 11:08:19.400,MO2508-C-7700,0.6,0.2,0.6
2025-08-12,2025-08-12 11:08:19.900,MO2508-C-7700,0.6,0.2,0.6
2025-08-12,2025-08-12 11:08:20.400,MO2508-C-7700,0.6,0.2,0.6
2025-08-12,2025-08-12 11:08:21.400,MO2508-C-7700,0.6,0.2,0.6
2025-08-12,2025-08-12 11:08:21.900,MO2508-C-7700,0.6,0.2,0.6
2025-08-12,2025-08-12 11:08:22.900,MO2508-C-7700,0.6,0.2,0.6
2025-08-12,2025-08-12 11:08:24.400,MO2508-C-7700,0.6,0.2,0.6
2025-08-12,2025-08-12 11:08:25.900,MO2508-C-7700,0.6,0.2,0.6
2025-08-12,2025-08-12 11:08:27.400,MO2508-C-7700,0.6,0.2,0.6
2025-08-12,2025-08-12 11:08:27.900,MO2508-C-7700,0.6,0.2,0.6
2025-08-12,2025-08-12 11:08:28.900,MO2508-C-7700,0.6,0.2,0.6
2025-08-12,2025-08-12 11:08:30.900,MO2508-C-7700,0.6,0.2,0.6
2025-08-12,2025-08-12 11:08:32.900,MO2508-C-7700,0.6,0.2,0.6
2025-08-12,2025-08-12 11:08:33.400,MO2508-C-7700,0.6,0.2,0.6
2025-08-12,2025-08-12 11:08:34.900,MO2508-C-7700,0.6,0.2,0.6
2025-08-12,2025-08-12 11:08:35.400,MO2508-C-7700,0.6,0.2,0.6
2025-08-12,2025-08-12 11:08:35.900,MO2508-C-7700,0.6,0.2,0.6
2025-08-12,2025-08-12 11:08:37.400,MO2508-C-7700,0.6,0.2,0.6
2025-08-12,2025-08-12 11:08:37.900,MO2508-C-7700,0.6,0.2,0.6
2025-08-12,2025-08-12 11:08:38.900,MO2508-C-7700,0.6,0.2,0.6
2025-08-12,2025-08-12 11:08:39.900,MO2508-C-7700,0.6,0.2,0.6
2025-08-12,2025-08-12 11:08:40.400,MO2508-C-7700,0.6,0.2,0.6
2025-08-12,2025-08-12 11:08:40.900,MO2508-C-7700,0.6,0.2,0.6
2025-08-12,2025-08-12 11:08:41.400,MO2508-C-7700,0.6,0.2,0.6
2025-08-12,2025-08-12 11:08:41.900,MO2508-C-7700,0.6,0.2,0.6
2025-08-12,2025-08-12 11:08:45.400,MO2508-C-7700,0.6,0.2,0.6
2025-08-12,2025-08-12 11:08:45.900,MO2508-C-7700,0.6,0.2,0.6
2025-08-12,2025-08-12 11:08:46.400,MO2508-C-7700,0.6,0.2,0.6
2025-08-12,2025-08-12 11:08:46.900,MO2508-C-7700,0.6,0.2,0.6
2025-08-12,2025-08-12 11:08:47.400,MO2508-C-7700,0.6,0.2,0.6
2025-08-12,2025-08-12 11:08:47.900,MO2508-C-7700,0.6,0.2,0.6
2025-08-12,2025-08-12 11:08:48.900,MO2508-C-7700,0.6,0.2,0.6
2025-08-12,2025-08-12 11:08:49.400,MO2508-C-7700,0.6,0.2,0.6
2025-08-12,2025-08-12 11:08:49.900,MO2508-C-7700,0.6,0.2,0.6
2025-08-12,2025-08-12 11:08:50.400,MO2508-C-7700,0.6,0.2,0.6
2025-08-12,2025-08-12 11:08:52.400,MO2508-C-7700,0.6,0.2,0.6
2025-08-12,2025-08-12 11:08:53.400,MO2508-C-7700,0.6,0.2,0.6
2025-08-12,2025-08-12 11:08:53.900,MO2508-C-7700,0.6,0.2,0.6
2025-08-12,2025-08-12 11:08:54.400,MO2508-C-7700,0.6,0.2,0.6
2025-08-12,2025-08-12 11:08:55.400,MO2508-C-7700,0.6,0.2,0.6
2025-08-12,2025-08-12 11:08:56.900,MO2508-C-7700,0.6,0.2,0.6
2025-08-12,2025-08-12 11:08:58.400,MO2508-C-7700,0.6,0.2,0.6
2025-08-12,2025-08-12 11:08:59.400,MO2508-C-7700,0.6,0.2,0.6
2025-08-12,2025-08-12 11:09:00.900,MO2508-C-7700,0.6,0.2,0.6
2025-08-12,2025-08-12 11:09:02.400,MO2508-C-7700,0.6,0.2,0.6
2025-08-12,2025-08-12 11:09:03.900,MO2508-C-7700,0.6,0.2,0.6
2025-08-12,2025-08-12 11:09:04.900,MO2508-C-7700,0.6,0.2,0.6
2025-08-12,2025-08-12 11:09:05.900,MO2508-C-7700,0.6,0.2,0.6
2025-08-12,2025-08-12 11:09:06.400,MO2508-C-7700,0.6,0.2,0.6
2025-08-12,2025-08-12 11:09:07.400,MO2508-C-7700,0.6,0.2,0.6
2025-08-12,2025-08-12 11:09:07.900,MO2508-C-7700,0.6,0.2,0.6
2025-08-12,2025-08-12 11:09:08.900,MO2508-C-7700,0.6,0.2,0.6
2025-08-12,2025-08-12 11:09:09.400,MO2508-C-7700,0.6,0.2,0.6
2025-08-12,2025-08-12 11:09:09.900,MO2508-C-7700,0.6,0.2,0.6
2025-08-12,2025-08-12 11:09:11.900,MO2508-C-7700,0.6,0.2,0.6
2025-08-12,2025-08-12 11:09:13.400,MO2508-C-7700,0.6,0.2,0.6
2025-08-12,2025-08-12 11:09:13.900,MO2508-C-7700,0.6,0.2,0.6
2025-08-12,2025-08-12 11:09:14.400,MO2508-C-7700,0.6,0.2,0.6
2025-08-12,2025-08-12 11:09:15.400,MO2508-C-7700,0.6,0.2,0.6
2025-08-12,2025-08-12 11:09:17.900,MO2508-C-7700,0.6,0.2,0.6
2025-08-12,2025-08-12 11:09:18.900,MO2508-C-7700,0.6,0.2,0.6
2025-08-12,2025-08-12 11:09:19.900,MO2508-C-7700,0.6,0.2,0.6
2025-08-12,2025-08-12 11:09:20.400,MO2508-C-7700,0.6,0.2,0.6
2025-08-12,2025-08-12 11:09:20.900,MO2508-C-7700,0.6,0.2,0.6
2025-08-12,2025-08-12 11:09:21.400,MO2508-C-7700,0.6,0.2,0.6
2025-08-12,2025-08-12 11:09:22.400,MO2508-C-7700,0.6,0.2,0.6
2025-08-12,2025-08-12 11:09:22.900,MO2508-C-7700,0.6,0.2,0.6
2025-08-12,2025-08-12 11:09:23.900,MO2508-C-7700,0.6,0.2,0.6
2025-08-12,2025-08-12 11:09:25.400,MO2508-C-7700,0.6,0.2,0.6
2025-08-12,2025-08-12 11:09:26.400,MO2508-C-7700,0.6,0.2,0.6
2025-08-12,2025-08-12 11:09:26.900,MO2508-C-7700,0.6,0.2,0.6
2025-08-12,2025-08-12 11:09:27.400,MO2508-C-7700,0.6,0.2,0.6
2025-08-12,2025-08-12 11:09:29.400,MO2508-C-7700,0.6,0.2,0.6
2025-08-12,2025-08-12 11:09:30.400,MO2508-C-7700,0.6,0.2,0.6
2025-08-12,2025-08-12 11:09:30.900,MO2508-C-7700,0.6,0.2,0.6
2025-08-12,2025-08-12 11:09:31.400,MO2508-C-7700,0.6,0.2,0.6
2025-08-12,2025-08-12 11:09:31.900,MO2508-C-7700,0.6,0.2,0.6
2025-08-12,2025-08-12 11:09:32.400,MO2508-C-7700,0.6,0.2,0.6
2025-08-12,2025-08-12 11:09:32.900,MO2508-C-7700,0.6,0.2,0.6
2025-08-12,2025-08-12 11:09:33.400,MO2508-C-7700,0.6,0.2,0.6
2025-08-12,2025-08-12 11:09:33.900,MO2508-C-7700,0.6,0.2,0.6
2025-08-12,2025-08-12 11:09:34.400,MO2508-C-7700,0.6,0.2,0.6
2025-08-12,2025-08-12 11:09:35.400,MO2508-C-7700,0.6,0.2,0.6
2025-08-12,2025-08-12 11:09:35.900,MO2508-C-7700,0.6,0.2,0.6
2025-08-12,2025-08-12 11:09:36.400,MO2508-C-7700,0.6,0.2,0.6
2025-08-12,2025-08-12 11:09:38.400,MO2508-C-7700,0.6,0.2,0.6
2025-08-12,2025-08-12 11:09:40.400,MO2508-C-7700,0.6,0.2,0.6
2025-08-12,2025-08-12 11:09:40.900,MO2508-C-7700,0.6,0.2,0.6
2025-08-12,2025-08-12 11:09:41.900,MO2508-C-7700,0.6,0.2,0.6
2025-08-12,2025-08-12 11:09:42.400,MO2508-C-7700,0.6,0.2,0.6
2025-08-12,2025-08-12 11:09:42.900,MO2508-C-7700,0.6,0.2,0.6
2025-08-12,2025-08-12 11:09:43.400,MO2508-C-7700,0.6,0.2,0.6
2025-08-12,2025-08-12 11:09:44.400,MO2508-C-7700,0.6,0.2,0.6
2025-08-12,2025-08-12 11:09:45.400,MO2508-C-7700,0.6,0.2,0.6
2025-08-12,2025-08-12 11:09:46.400,MO2508-C-7700,0.6,0.2,0.6
2025-08-12,2025-08-12 11:09:46.900,MO2508-C-7700,0.6,0.2,0.6
2025-08-12,2025-08-12 11:09:48.900,MO2508-C-7700,0.6,0.2,0.6
2025-08-12,2025-08-12 11:09:49.900,MO2508-C-7700,0.6,0.2,0.6
2025-08-12,2025-08-12 11:09:51.900,MO2508-C-7700,0.6,0.2,0.6
2025-08-12,2025-08-12 11:09:52.400,MO2508-C-7700,0.6,0.2,0.6
2025-08-12,2025-08-12 11:09:52.900,MO2508-C-7700,0.6,0.2,0.6
2025-08-12,2025-08-12 11:09:53.400,MO2508-C-7700,0.6,0.2,0.6
2025-08-12,2025-08-12 11:09:54.900,MO2508-C-7700,0.6,0.2,0.6
2025-08-12,2025-08-12 11:09:55.400,MO2508-C-7700,0.6,0.2,0.6
2025-08-12,2025-08-12 11:09:56.400,MO2508-C-7700,0.6,0.2,0.6
2025-08-12,2025-08-12 11:09:56.900,MO2508-C-7700,0.6,0.2,0.6
2025-08-12,2025-08-12 11:09:57.400,MO2508-C-7700,0.6,0.2,0.6
2025-08-12,2025-08-12 11:09:58.400,MO2508-C-7700,0.6,0.2,0.6
2025-08-12,2025-08-12 11:09:58.900,MO2508-C-7700,0.6,0.2,0.6
2025-08-12,2025-08-12 11:10:00.900,MO2508-C-7700,0.6,0.2,0.6
2025-08-12,2025-08-12 11:10:01.400,MO2508-C-7700,0.6,0.2,0.6
2025-08-12,2025-08-12 11:10:01.900,MO2508-C-7700,0.6,0.2,0.6
2025-08-12,2025-08-12 11:10:02.900,MO2508-C-7700,0.6,0.2,0.6
2025-08-12,2025-08-12 11:10:05.400,MO2508-C-7700,0.6,0.2,0.6
2025-08-12,2025-08-12 11:10:05.900,MO2508-C-7700,0.6,0.2,0.6
2025-08-12,2025-08-12 11:10:06.900,MO2508-C-7700,0.6,0.2,0.6
2025-08-12,2025-08-12 11:10:07.400,MO2508-C-7700,0.6,0.2,0.6
2025-08-12,2025-08-12 11:10:08.400,MO2508-C-7700,0.6,0.2,0.6
2025-08-12,2025-08-12 11:10:09.400,MO2508-C-7700,0.6,0.2,0.6
2025-08-12,2025-08-12 11:10:09.900,MO2508-C-7700,0.6,0.2,0.6
2025-08-12,2025-08-12 11:10:10.400,MO2508-C-7700,0.6,0.2,0.6
2025-08-12,2025-08-12 11:10:11.900,MO2508-C-7700,0.6,0.2,0.6
2025-08-12,2025-08-12 11:10:12.400,MO2508-C-7700,0.6,0.2,0.6
2025-08-12,2025-08-12 11:10:13.400,MO2508-C-7700,0.6,0.2,0.6
2025-08-12,2025-08-12 11:10:13.900,MO2508-C-7700,0.6,0.2,0.6
2025-08-12,2025-08-12 11:10:14.400,MO2508-C-7700,0.6,0.2,0.6
2025-08-12,2025-08-12 11:10:14.900,MO2508-C-7700,0.6,0.2,0.6
2025-08-12,2025-08-12 11:10:15.400,MO2508-C-7700,0.6,0.2,0.6
2025-08-12,2025-08-12 11:10:16.400,MO2508-C-7700,0.6,0.2,0.6
2025-08-12,2025-08-12 11:10:17.400,MO2508-C-7700,0.6,0.2,0.6
2025-08-12,2025-08-12 11:10:17.900,MO2508-C-7700,0.6,0.2,0.6
2025-08-12,2025-08-12 11:10:18.400,MO2508-C-7700,0.6,0.2,0.6
2025-08-12,2025-08-12 11:10:19.400,MO2508-C-7700,0.6,0.2,0.6
2025-08-12,2025-08-12 11:10:20.900,MO2508-C-7700,0.6,0.2,0.6
2025-08-12,2025-08-12 11:10:22.400,MO2508-C-7700,0.6,0.2,0.6
2025-08-12,2025-08-12 11:10:22.900,MO2508-C-7700,0.6,0.2,0.6
2025-08-12,2025-08-12 11:10:28.900,MO2508-C-7700,0.6,0.2,0.6
2025-08-12,2025-08-12 11:10:29.400,MO2508-C-7700,0.6,0.2,0.6
2025-08-12,2025-08-12 11:10:30.900,MO2508-C-7700,0.6,0.2,0.6
2025-08-12,2025-08-12 11:10:31.400,MO2508-C-7700,0.6,0.2,0.6
2025-08-12,2025-08-12 11:10:31.900,MO2508-C-7700,0.6,0.2,0.6
2025-08-12,2025-08-12 11:10:33.400,MO2508-C-7700,0.6,0.2,0.6
2025-08-12,2025-08-12 11:10:33.900,MO2508-C-7700,0.6,0.2,0.6
2025-08-12,2025-08-12 11:10:34.400,MO2508-C-7700,0.6,0.2,0.6
2025-08-12,2025-08-12 11:10:34.900,MO2508-C-7700,0.6,0.2,0.6
2025-08-12,2025-08-12 11:10:36.400,MO2508-C-7700,0.6,0.2,0.6
2025-08-12,2025-08-12 11:10:36.900,MO2508-C-7700,0.6,0.2,0.6
2025-08-12,2025-08-12 11:10:38.400,MO2508-C-7700,0.6,0.2,0.6
2025-08-12,2025-08-12 11:10:38.900,MO2508-C-7700,0.6,0.2,0.6
2025-08-12,2025-08-12 11:10:40.900,MO2508-C-7700,0.6,0.2,0.6
2025-08-12,2025-08-12 11:10:41.400,MO2508-C-7700,0.6,0.2,0.6
2025-08-12,2025-08-12 11:10:41.900,MO2508-C-7700,0.6,0.2,0.6
2025-08-12,2025-08-12 11:10:42.900,MO2508-C-7700,0.6,0.2,0.6
2025-08-12,2025-08-12 11:10:43.900,MO2508-C-7700,0.6,0.2,0.6
2025-08-12,2025-08-12 11:10:44.400,MO2508-C-7700,0.6,0.2,0.6
2025-08-12,2025-08-12 11:10:46.900,MO2508-C-7700,0.6,0.2,0.6
2025-08-12,2025-08-12 11:10:47.900,MO2508-C-7700,0.6,0.2,0.6
2025-08-12,2025-08-12 11:10:48.400,MO2508-C-7700,0.6,0.2,0.6
2025-08-12,2025-08-12 11:10:48.900,MO2508-C-7700,0.6,0.2,0.6
2025-08-12,2025-08-12 11:10:49.900,MO2508-C-7700,0.6,0.2,0.6
2025-08-12,2025-08-12 11:10:52.400,MO2508-C-7700,0.6,0.2,0.6
2025-08-12,2025-08-12 11:10:52.900,MO2508-C-7700,0.6,0.2,0.6
2025-08-12,2025-08-12 11:10:53.400,MO2508-C-7700,0.6,0.2,0.6
2025-08-12,2025-08-12 11:10:56.900,MO2508-C-7700,0.6,0.2,0.6
2025-08-12,2025-08-12 11:10:57.900,MO2508-C-7700,0.6,0.2,0.6
2025-08-12,2025-08-12 11:10:58.900,MO2508-C-7700,0.6,0.2,0.6
