tradingdate,tradingtime,symbol,lastprice,buyprice01,sellprice01
2025-08-14,2025-08-14 09:29:00.200,MO2508-C-7800,0.2,0.2,1.0
2025-08-14,2025-08-14 09:30:00.200,MO2508-C-7800,0.2,0.2,1.0
2025-08-14,2025-08-14 09:30:00.700,MO2508-C-7800,0.2,0.2,1.0
2025-08-14,2025-08-14 09:30:01.200,MO2508-C-7800,0.2,0.2,0.8
2025-08-14,2025-08-14 09:30:01.700,MO2508-C-7800,0.2,0.2,0.8
2025-08-14,2025-08-14 09:30:02.700,MO2508-C-7800,0.2,0.2,0.8
2025-08-14,2025-08-14 09:30:03.700,MO2508-C-7800,0.2,0.2,0.8
2025-08-14,2025-08-14 09:30:10.200,MO2508-C-7800,0.2,0.2,0.8
2025-08-14,2025-08-14 09:30:11.700,MO2508-C-7800,0.2,0.2,0.6
2025-08-14,2025-08-14 09:30:12.200,MO2508-C-7800,0.2,0.2,0.6
2025-08-14,2025-08-14 09:30:12.700,MO2508-C-7800,0.2,0.2,0.6
2025-08-14,2025-08-14 09:30:13.200,MO2508-C-7800,0.2,0.2,0.6
2025-08-14,2025-08-14 09:30:15.200,MO2508-C-7800,0.2,0.2,0.6
2025-08-14,2025-08-14 09:30:16.200,MO2508-C-7800,0.2,0.2,0.6
2025-08-14,2025-08-14 09:30:18.200,MO2508-C-7800,0.2,0.2,0.6
2025-08-14,2025-08-14 09:30:18.700,MO2508-C-7800,0.2,0.2,0.6
2025-08-14,2025-08-14 09:30:19.700,MO2508-C-7800,0.2,0.0,0.6
2025-08-14,2025-08-14 09:30:26.200,MO2508-C-7800,0.2,0.0,0.6
2025-08-14,2025-08-14 09:30:30.700,MO2508-C-7800,0.2,0.2,0.4
2025-08-14,2025-08-14 09:30:32.700,MO2508-C-7800,0.2,0.2,0.4
2025-08-14,2025-08-14 09:30:33.200,MO2508-C-7800,0.2,0.0,0.6
2025-08-14,2025-08-14 09:30:36.200,MO2508-C-7800,0.2,0.2,0.4
2025-08-14,2025-08-14 09:30:37.200,MO2508-C-7800,0.2,0.2,0.4
2025-08-14,2025-08-14 09:30:39.700,MO2508-C-7800,0.2,0.2,0.4
2025-08-14,2025-08-14 09:30:40.200,MO2508-C-7800,0.2,0.2,0.4
2025-08-14,2025-08-14 09:30:41.700,MO2508-C-7800,0.2,0.2,0.4
2025-08-14,2025-08-14 09:30:45.200,MO2508-C-7800,0.2,0.2,0.4
2025-08-14,2025-08-14 09:30:46.200,MO2508-C-7800,0.2,0.0,0.4
2025-08-14,2025-08-14 09:30:46.700,MO2508-C-7800,0.2,0.0,0.4
2025-08-14,2025-08-14 09:30:53.200,MO2508-C-7800,0.2,0.0,0.4
2025-08-14,2025-08-14 09:31:01.200,MO2508-C-7800,0.2,0.0,0.4
2025-08-14,2025-08-14 09:31:05.200,MO2508-C-7800,0.2,0.2,0.4
2025-08-14,2025-08-14 09:31:07.200,MO2508-C-7800,0.2,0.2,0.4
2025-08-14,2025-08-14 09:31:12.700,MO2508-C-7800,0.2,0.2,0.4
2025-08-14,2025-08-14 09:31:20.200,MO2508-C-7800,0.2,0.0,0.4
2025-08-14,2025-08-14 09:31:27.200,MO2508-C-7800,0.2,0.0,0.4
2025-08-14,2025-08-14 09:31:33.700,MO2508-C-7800,0.2,0.2,0.4
2025-08-14,2025-08-14 09:31:36.700,MO2508-C-7800,0.2,0.0,0.4
2025-08-14,2025-08-14 09:32:02.200,MO2508-C-7800,0.2,0.0,0.4
2025-08-14,2025-08-14 09:32:28.700,MO2508-C-7800,0.2,0.2,0.4
2025-08-14,2025-08-14 09:32:29.200,MO2508-C-7800,0.2,0.2,0.4
2025-08-14,2025-08-14 09:32:34.700,MO2508-C-7800,0.2,0.2,0.4
2025-08-14,2025-08-14 09:32:39.700,MO2508-C-7800,0.2,0.2,0.4
2025-08-14,2025-08-14 09:32:40.200,MO2508-C-7800,0.2,0.2,0.4
2025-08-14,2025-08-14 09:32:58.700,MO2508-C-7800,0.2,0.2,0.4
2025-08-14,2025-08-14 09:33:02.700,MO2508-C-7800,0.2,0.2,0.4
2025-08-14,2025-08-14 09:33:36.700,MO2508-C-7800,0.2,0.2,0.4
2025-08-14,2025-08-14 09:34:10.700,MO2508-C-7800,0.2,0.2,0.4
2025-08-14,2025-08-14 09:34:31.700,MO2508-C-7800,0.2,0.2,0.4
2025-08-14,2025-08-14 09:34:45.700,MO2508-C-7800,0.2,0.2,0.4
2025-08-14,2025-08-14 09:34:59.700,MO2508-C-7800,0.2,0.2,0.4
2025-08-14,2025-08-14 09:35:00.200,MO2508-C-7800,0.2,0.2,0.4
2025-08-14,2025-08-14 09:35:01.200,MO2508-C-7800,0.2,0.2,0.4
2025-08-14,2025-08-14 09:35:01.700,MO2508-C-7800,0.2,0.2,0.4
2025-08-14,2025-08-14 09:35:02.200,MO2508-C-7800,0.2,0.2,0.4
2025-08-14,2025-08-14 09:35:02.700,MO2508-C-7800,0.2,0.2,0.4
2025-08-14,2025-08-14 09:35:20.200,MO2508-C-7800,0.2,0.2,0.4
2025-08-14,2025-08-14 09:35:20.700,MO2508-C-7800,0.2,0.2,0.4
2025-08-14,2025-08-14 09:35:24.200,MO2508-C-7800,0.2,0.2,0.4
2025-08-14,2025-08-14 09:35:24.700,MO2508-C-7800,0.2,0.2,0.4
2025-08-14,2025-08-14 09:35:25.700,MO2508-C-7800,0.2,0.2,0.4
2025-08-14,2025-08-14 09:35:26.700,MO2508-C-7800,0.2,0.2,0.4
2025-08-14,2025-08-14 09:35:28.700,MO2508-C-7800,0.2,0.2,0.4
2025-08-14,2025-08-14 09:35:29.200,MO2508-C-7800,0.2,0.2,0.4
2025-08-14,2025-08-14 09:35:30.200,MO2508-C-7800,0.2,0.2,0.4
2025-08-14,2025-08-14 09:35:30.700,MO2508-C-7800,0.2,0.2,0.4
2025-08-14,2025-08-14 09:35:41.700,MO2508-C-7800,0.2,0.2,0.4
2025-08-14,2025-08-14 09:35:42.200,MO2508-C-7800,0.2,0.2,0.4
2025-08-14,2025-08-14 09:36:04.200,MO2508-C-7800,0.2,0.2,0.4
2025-08-14,2025-08-14 09:36:06.200,MO2508-C-7800,0.2,0.2,0.4
2025-08-14,2025-08-14 09:38:05.700,MO2508-C-7800,0.2,0.2,0.4
2025-08-14,2025-08-14 09:38:09.700,MO2508-C-7800,0.2,0.2,0.4
2025-08-14,2025-08-14 09:38:20.200,MO2508-C-7800,0.2,0.2,0.4
2025-08-14,2025-08-14 09:38:20.700,MO2508-C-7800,0.2,0.2,0.4
2025-08-14,2025-08-14 09:38:25.700,MO2508-C-7800,0.2,0.2,0.4
2025-08-14,2025-08-14 09:38:26.700,MO2508-C-7800,0.2,0.2,0.4
2025-08-14,2025-08-14 09:38:45.200,MO2508-C-7800,0.2,0.2,0.4
2025-08-14,2025-08-14 09:38:45.700,MO2508-C-7800,0.2,0.2,0.4
2025-08-14,2025-08-14 09:38:54.200,MO2508-C-7800,0.2,0.2,0.4
2025-08-14,2025-08-14 09:39:03.200,MO2508-C-7800,0.2,0.2,0.4
2025-08-14,2025-08-14 09:39:03.700,MO2508-C-7800,0.2,0.2,0.4
2025-08-14,2025-08-14 09:40:08.700,MO2508-C-7800,0.2,0.2,0.4
2025-08-14,2025-08-14 09:40:09.200,MO2508-C-7800,0.2,0.2,0.4
2025-08-14,2025-08-14 09:40:11.200,MO2508-C-7800,0.2,0.2,0.4
2025-08-14,2025-08-14 09:40:15.700,MO2508-C-7800,0.2,0.2,0.4
2025-08-14,2025-08-14 09:40:16.200,MO2508-C-7800,0.2,0.2,0.4
2025-08-14,2025-08-14 09:40:57.200,MO2508-C-7800,0.2,0.2,0.4
2025-08-14,2025-08-14 09:40:57.700,MO2508-C-7800,0.2,0.2,0.4
2025-08-14,2025-08-14 09:41:05.700,MO2508-C-7800,0.2,0.2,0.4
2025-08-14,2025-08-14 09:41:06.200,MO2508-C-7800,0.2,0.2,0.4
2025-08-14,2025-08-14 09:41:49.200,MO2508-C-7800,0.2,0.2,0.4
2025-08-14,2025-08-14 09:41:49.700,MO2508-C-7800,0.2,0.2,0.4
2025-08-14,2025-08-14 09:41:53.700,MO2508-C-7800,0.2,0.2,0.4
2025-08-14,2025-08-14 09:41:54.200,MO2508-C-7800,0.2,0.2,0.4
2025-08-14,2025-08-14 09:42:12.700,MO2508-C-7800,0.2,0.2,0.4
2025-08-14,2025-08-14 09:42:13.200,MO2508-C-7800,0.2,0.2,0.4
2025-08-14,2025-08-14 09:43:08.200,MO2508-C-7800,0.2,0.2,0.4
2025-08-14,2025-08-14 09:43:08.700,MO2508-C-7800,0.2,0.2,0.4
2025-08-14,2025-08-14 09:43:19.700,MO2508-C-7800,0.2,0.2,0.4
2025-08-14,2025-08-14 09:43:20.200,MO2508-C-7800,0.2,0.2,0.4
2025-08-14,2025-08-14 09:43:27.200,MO2508-C-7800,0.2,0.2,0.4
2025-08-14,2025-08-14 09:43:27.700,MO2508-C-7800,0.2,0.2,0.4
2025-08-14,2025-08-14 09:43:37.200,MO2508-C-7800,0.2,0.2,0.4
2025-08-14,2025-08-14 09:43:37.700,MO2508-C-7800,0.2,0.2,0.4
2025-08-14,2025-08-14 09:43:46.200,MO2508-C-7800,0.2,0.2,0.4
2025-08-14,2025-08-14 09:43:46.700,MO2508-C-7800,0.2,0.2,0.4
2025-08-14,2025-08-14 09:44:07.200,MO2508-C-7800,0.2,0.2,0.4
2025-08-14,2025-08-14 09:44:07.700,MO2508-C-7800,0.2,0.2,0.4
2025-08-14,2025-08-14 09:44:09.700,MO2508-C-7800,0.2,0.2,0.4
2025-08-14,2025-08-14 09:44:10.200,MO2508-C-7800,0.2,0.2,0.4
2025-08-14,2025-08-14 09:45:13.200,MO2508-C-7800,0.2,0.2,0.4
2025-08-14,2025-08-14 09:45:13.700,MO2508-C-7800,0.2,0.2,0.4
2025-08-14,2025-08-14 09:45:23.200,MO2508-C-7800,0.2,0.2,0.4
2025-08-14,2025-08-14 09:45:23.700,MO2508-C-7800,0.2,0.2,0.4
2025-08-14,2025-08-14 09:45:41.200,MO2508-C-7800,0.2,0.2,0.4
2025-08-14,2025-08-14 09:45:41.700,MO2508-C-7800,0.2,0.2,0.4
2025-08-14,2025-08-14 09:45:58.200,MO2508-C-7800,0.2,0.2,0.4
2025-08-14,2025-08-14 09:45:58.700,MO2508-C-7800,0.2,0.2,0.4
2025-08-14,2025-08-14 09:45:59.200,MO2508-C-7800,0.2,0.2,0.4
2025-08-14,2025-08-14 09:45:59.700,MO2508-C-7800,0.2,0.2,0.4
2025-08-14,2025-08-14 09:46:10.700,MO2508-C-7800,0.2,0.2,0.4
2025-08-14,2025-08-14 09:46:15.200,MO2508-C-7800,0.2,0.2,0.4
2025-08-14,2025-08-14 09:46:19.700,MO2508-C-7800,0.2,0.2,0.4
2025-08-14,2025-08-14 09:46:20.200,MO2508-C-7800,0.2,0.2,0.4
2025-08-14,2025-08-14 09:47:28.700,MO2508-C-7800,0.2,0.2,0.4
2025-08-14,2025-08-14 09:47:29.200,MO2508-C-7800,0.2,0.2,0.4
2025-08-14,2025-08-14 09:48:03.700,MO2508-C-7800,0.2,0.2,0.4
2025-08-14,2025-08-14 09:48:04.200,MO2508-C-7800,0.2,0.2,0.4
2025-08-14,2025-08-14 09:48:11.200,MO2508-C-7800,0.2,0.2,0.4
2025-08-14,2025-08-14 09:48:21.200,MO2508-C-7800,0.2,0.2,0.4
2025-08-14,2025-08-14 09:48:21.700,MO2508-C-7800,0.2,0.2,0.4
2025-08-14,2025-08-14 09:48:35.200,MO2508-C-7800,0.2,0.2,0.4
2025-08-14,2025-08-14 09:48:36.200,MO2508-C-7800,0.2,0.2,0.4
2025-08-14,2025-08-14 09:48:36.700,MO2508-C-7800,0.2,0.2,0.4
2025-08-14,2025-08-14 09:48:53.700,MO2508-C-7800,0.2,0.2,0.4
2025-08-14,2025-08-14 09:48:54.200,MO2508-C-7800,0.2,0.2,0.4
2025-08-14,2025-08-14 09:49:01.700,MO2508-C-7800,0.2,0.2,0.4
2025-08-14,2025-08-14 09:49:02.200,MO2508-C-7800,0.2,0.2,0.4
2025-08-14,2025-08-14 09:49:26.200,MO2508-C-7800,0.2,0.2,0.4
2025-08-14,2025-08-14 09:49:26.700,MO2508-C-7800,0.2,0.2,0.4
2025-08-14,2025-08-14 09:49:27.200,MO2508-C-7800,0.2,0.2,0.4
2025-08-14,2025-08-14 09:49:27.700,MO2508-C-7800,0.2,0.2,0.4
2025-08-14,2025-08-14 09:50:02.200,MO2508-C-7800,0.2,0.2,0.4
2025-08-14,2025-08-14 09:50:02.700,MO2508-C-7800,0.2,0.2,0.4
2025-08-14,2025-08-14 09:51:04.200,MO2508-C-7800,0.2,0.2,0.4
2025-08-14,2025-08-14 09:51:04.700,MO2508-C-7800,0.2,0.2,0.4
2025-08-14,2025-08-14 09:51:18.200,MO2508-C-7800,0.2,0.2,0.4
2025-08-14,2025-08-14 09:51:18.700,MO2508-C-7800,0.2,0.2,0.4
2025-08-14,2025-08-14 09:51:22.700,MO2508-C-7800,0.2,0.2,0.4
2025-08-14,2025-08-14 09:51:23.200,MO2508-C-7800,0.2,0.2,0.4
2025-08-14,2025-08-14 09:51:35.200,MO2508-C-7800,0.2,0.2,0.4
2025-08-14,2025-08-14 09:51:35.700,MO2508-C-7800,0.2,0.2,0.4
2025-08-14,2025-08-14 09:52:02.700,MO2508-C-7800,0.2,0.2,0.4
2025-08-14,2025-08-14 09:52:03.200,MO2508-C-7800,0.2,0.2,0.4
2025-08-14,2025-08-14 09:52:08.200,MO2508-C-7800,0.2,0.2,0.4
2025-08-14,2025-08-14 09:52:08.700,MO2508-C-7800,0.2,0.2,0.4
2025-08-14,2025-08-14 09:52:18.200,MO2508-C-7800,0.2,0.2,0.4
2025-08-14,2025-08-14 09:52:18.700,MO2508-C-7800,0.2,0.2,0.4
2025-08-14,2025-08-14 09:52:19.700,MO2508-C-7800,0.2,0.2,0.4
2025-08-14,2025-08-14 09:52:20.200,MO2508-C-7800,0.2,0.2,0.4
2025-08-14,2025-08-14 09:52:46.200,MO2508-C-7800,0.2,0.2,0.4
2025-08-14,2025-08-14 09:52:46.700,MO2508-C-7800,0.2,0.2,0.4
2025-08-14,2025-08-14 09:52:52.200,MO2508-C-7800,0.2,0.2,0.4
2025-08-14,2025-08-14 09:52:52.700,MO2508-C-7800,0.2,0.2,0.4
2025-08-14,2025-08-14 09:52:59.200,MO2508-C-7800,0.2,0.2,0.4
2025-08-14,2025-08-14 09:52:59.700,MO2508-C-7800,0.2,0.2,0.4
2025-08-14,2025-08-14 09:53:02.700,MO2508-C-7800,0.2,0.2,0.4
2025-08-14,2025-08-14 09:53:03.200,MO2508-C-7800,0.2,0.2,0.4
2025-08-14,2025-08-14 09:53:06.700,MO2508-C-7800,0.2,0.2,0.4
2025-08-14,2025-08-14 09:53:07.200,MO2508-C-7800,0.2,0.2,0.4
2025-08-14,2025-08-14 09:53:19.200,MO2508-C-7800,0.2,0.2,0.4
2025-08-14,2025-08-14 09:53:19.700,MO2508-C-7800,0.2,0.2,0.4
2025-08-14,2025-08-14 09:53:26.700,MO2508-C-7800,0.2,0.2,0.4
2025-08-14,2025-08-14 09:53:27.200,MO2508-C-7800,0.2,0.2,0.4
2025-08-14,2025-08-14 09:54:20.700,MO2508-C-7800,0.2,0.2,0.4
2025-08-14,2025-08-14 09:54:21.200,MO2508-C-7800,0.2,0.2,0.4
2025-08-14,2025-08-14 09:55:01.200,MO2508-C-7800,0.2,0.2,0.4
2025-08-14,2025-08-14 09:55:01.700,MO2508-C-7800,0.2,0.2,0.4
2025-08-14,2025-08-14 09:56:01.700,MO2508-C-7800,0.2,0.2,0.4
2025-08-14,2025-08-14 09:56:02.200,MO2508-C-7800,0.2,0.2,0.4
2025-08-14,2025-08-14 09:56:22.700,MO2508-C-7800,0.2,0.2,0.4
2025-08-14,2025-08-14 09:56:23.200,MO2508-C-7800,0.2,0.2,0.4
2025-08-14,2025-08-14 09:58:35.200,MO2508-C-7800,0.2,0.2,0.4
2025-08-14,2025-08-14 09:58:35.700,MO2508-C-7800,0.2,0.2,0.4
2025-08-14,2025-08-14 09:58:36.700,MO2508-C-7800,0.2,0.2,0.4
2025-08-14,2025-08-14 09:58:37.700,MO2508-C-7800,0.2,0.2,0.4
2025-08-14,2025-08-14 09:59:34.200,MO2508-C-7800,0.2,0.2,0.4
2025-08-14,2025-08-14 09:59:34.700,MO2508-C-7800,0.2,0.2,0.4
2025-08-14,2025-08-14 10:00:31.700,MO2508-C-7800,0.2,0.2,0.4
2025-08-14,2025-08-14 10:00:32.200,MO2508-C-7800,0.2,0.2,0.4
2025-08-14,2025-08-14 10:00:51.200,MO2508-C-7800,0.2,0.2,0.4
2025-08-14,2025-08-14 10:00:51.700,MO2508-C-7800,0.2,0.2,0.4
2025-08-14,2025-08-14 10:02:20.700,MO2508-C-7800,0.2,0.2,0.4
2025-08-14,2025-08-14 10:02:21.200,MO2508-C-7800,0.2,0.2,0.4
2025-08-14,2025-08-14 10:02:50.200,MO2508-C-7800,0.2,0.2,0.4
2025-08-14,2025-08-14 10:02:50.700,MO2508-C-7800,0.2,0.2,0.4
2025-08-14,2025-08-14 10:03:26.700,MO2508-C-7800,0.2,0.2,0.4
2025-08-14,2025-08-14 10:03:27.200,MO2508-C-7800,0.2,0.2,0.4
2025-08-14,2025-08-14 10:04:31.200,MO2508-C-7800,0.2,0.2,0.4
2025-08-14,2025-08-14 10:04:31.700,MO2508-C-7800,0.2,0.2,0.4
2025-08-14,2025-08-14 10:05:03.200,MO2508-C-7800,0.2,0.2,0.4
2025-08-14,2025-08-14 10:05:03.700,MO2508-C-7800,0.2,0.2,0.4
2025-08-14,2025-08-14 10:05:05.200,MO2508-C-7800,0.2,0.2,0.4
2025-08-14,2025-08-14 10:05:05.700,MO2508-C-7800,0.2,0.2,0.4
2025-08-14,2025-08-14 10:05:16.700,MO2508-C-7800,0.2,0.2,0.4
2025-08-14,2025-08-14 10:05:17.200,MO2508-C-7800,0.2,0.2,0.4
2025-08-14,2025-08-14 10:05:22.200,MO2508-C-7800,0.2,0.2,0.4
2025-08-14,2025-08-14 10:05:22.700,MO2508-C-7800,0.2,0.0,0.4
2025-08-14,2025-08-14 10:05:23.200,MO2508-C-7800,0.2,0.2,0.4
2025-08-14,2025-08-14 10:05:23.700,MO2508-C-7800,0.2,0.0,0.4
2025-08-14,2025-08-14 10:25:25.700,MO2508-C-7800,0.2,0.2,0.4
2025-08-14,2025-08-14 10:25:26.200,MO2508-C-7800,0.2,0.2,0.4
2025-08-14,2025-08-14 10:25:41.200,MO2508-C-7800,0.2,0.2,0.4
2025-08-14,2025-08-14 10:27:08.700,MO2508-C-7800,0.2,0.2,0.4
2025-08-14,2025-08-14 10:27:09.200,MO2508-C-7800,0.2,0.2,0.4
2025-08-14,2025-08-14 10:27:09.700,MO2508-C-7800,0.2,0.2,0.4
2025-08-14,2025-08-14 10:28:40.700,MO2508-C-7800,0.2,0.2,0.4
2025-08-14,2025-08-14 10:29:03.200,MO2508-C-7800,0.2,0.2,0.4
2025-08-14,2025-08-14 10:29:22.700,MO2508-C-7800,0.2,0.2,0.4
2025-08-14,2025-08-14 10:29:27.200,MO2508-C-7800,0.2,0.2,0.4
2025-08-14,2025-08-14 10:29:27.700,MO2508-C-7800,0.2,0.2,0.4
2025-08-14,2025-08-14 10:37:30.200,MO2508-C-7800,0.2,0.2,0.4
2025-08-14,2025-08-14 10:37:30.700,MO2508-C-7800,0.2,0.2,0.4
2025-08-14,2025-08-14 10:37:34.200,MO2508-C-7800,0.2,0.2,0.4
2025-08-14,2025-08-14 10:38:05.200,MO2508-C-7800,0.2,0.2,0.4
2025-08-14,2025-08-14 10:38:05.700,MO2508-C-7800,0.2,0.2,0.4
2025-08-14,2025-08-14 10:38:17.200,MO2508-C-7800,0.2,0.2,0.4
2025-08-14,2025-08-14 10:38:17.700,MO2508-C-7800,0.2,0.2,0.4
2025-08-14,2025-08-14 10:38:26.200,MO2508-C-7800,0.2,0.2,0.4
2025-08-14,2025-08-14 10:38:26.700,MO2508-C-7800,0.2,0.2,0.4
2025-08-14,2025-08-14 10:38:27.200,MO2508-C-7800,0.2,0.2,0.4
2025-08-14,2025-08-14 10:38:27.700,MO2508-C-7800,0.2,0.2,0.4
2025-08-14,2025-08-14 10:38:35.700,MO2508-C-7800,0.2,0.2,0.4
2025-08-14,2025-08-14 10:38:36.200,MO2508-C-7800,0.2,0.2,0.4
2025-08-14,2025-08-14 10:38:37.200,MO2508-C-7800,0.2,0.2,0.4
2025-08-14,2025-08-14 10:38:37.700,MO2508-C-7800,0.2,0.2,0.4
2025-08-14,2025-08-14 10:39:16.200,MO2508-C-7800,0.2,0.2,0.4
2025-08-14,2025-08-14 10:39:37.200,MO2508-C-7800,0.2,0.2,0.4
2025-08-14,2025-08-14 10:39:37.700,MO2508-C-7800,0.2,0.2,0.4
2025-08-14,2025-08-14 10:40:15.700,MO2508-C-7800,0.2,0.2,0.4
2025-08-14,2025-08-14 10:41:03.700,MO2508-C-7800,0.2,0.2,0.4
2025-08-14,2025-08-14 10:41:04.200,MO2508-C-7800,0.2,0.2,0.4
2025-08-14,2025-08-14 10:41:19.700,MO2508-C-7800,0.2,0.2,0.4
2025-08-14,2025-08-14 10:41:20.200,MO2508-C-7800,0.2,0.2,0.4
2025-08-14,2025-08-14 10:41:39.200,MO2508-C-7800,0.2,0.2,0.4
2025-08-14,2025-08-14 10:41:39.700,MO2508-C-7800,0.2,0.2,0.4
2025-08-14,2025-08-14 10:41:44.200,MO2508-C-7800,0.2,0.2,0.4
2025-08-14,2025-08-14 10:41:44.700,MO2508-C-7800,0.2,0.2,0.4
2025-08-14,2025-08-14 10:41:48.200,MO2508-C-7800,0.2,0.2,0.4
2025-08-14,2025-08-14 10:41:48.700,MO2508-C-7800,0.2,0.2,0.4
2025-08-14,2025-08-14 10:42:18.700,MO2508-C-7800,0.2,0.2,0.4
2025-08-14,2025-08-14 10:43:09.700,MO2508-C-7800,0.2,0.2,0.4
2025-08-14,2025-08-14 10:43:10.200,MO2508-C-7800,0.2,0.2,0.4
2025-08-14,2025-08-14 10:43:16.700,MO2508-C-7800,0.2,0.2,0.4
2025-08-14,2025-08-14 10:43:17.200,MO2508-C-7800,0.2,0.2,0.4
2025-08-14,2025-08-14 10:44:06.700,MO2508-C-7800,0.2,0.2,0.4
2025-08-14,2025-08-14 10:44:07.200,MO2508-C-7800,0.2,0.2,0.4
2025-08-14,2025-08-14 10:44:13.200,MO2508-C-7800,0.2,0.2,0.4
2025-08-14,2025-08-14 10:44:14.700,MO2508-C-7800,0.2,0.2,0.4
2025-08-14,2025-08-14 10:46:43.700,MO2508-C-7800,0.2,0.2,0.4
2025-08-14,2025-08-14 10:46:44.200,MO2508-C-7800,0.2,0.2,0.4
2025-08-14,2025-08-14 10:46:46.700,MO2508-C-7800,0.2,0.2,0.4
2025-08-14,2025-08-14 10:46:47.200,MO2508-C-7800,0.2,0.2,0.4
2025-08-14,2025-08-14 10:46:48.700,MO2508-C-7800,0.2,0.2,0.4
2025-08-14,2025-08-14 10:46:51.700,MO2508-C-7800,0.2,0.2,0.4
2025-08-14,2025-08-14 10:46:52.700,MO2508-C-7800,0.2,0.2,0.4
2025-08-14,2025-08-14 10:47:05.700,MO2508-C-7800,0.2,0.2,0.4
2025-08-14,2025-08-14 10:47:06.700,MO2508-C-7800,0.2,0.2,0.4
2025-08-14,2025-08-14 10:47:08.700,MO2508-C-7800,0.2,0.2,0.4
2025-08-14,2025-08-14 10:47:09.200,MO2508-C-7800,0.2,0.2,0.4
2025-08-14,2025-08-14 10:47:09.700,MO2508-C-7800,0.2,0.2,0.4
2025-08-14,2025-08-14 10:47:10.700,MO2508-C-7800,0.2,0.2,0.4
2025-08-14,2025-08-14 10:47:14.200,MO2508-C-7800,0.2,0.2,0.4
2025-08-14,2025-08-14 10:47:14.700,MO2508-C-7800,0.2,0.2,0.4
2025-08-14,2025-08-14 10:47:17.200,MO2508-C-7800,0.2,0.2,0.4
2025-08-14,2025-08-14 10:47:44.700,MO2508-C-7800,0.2,0.2,0.4
2025-08-14,2025-08-14 10:47:45.200,MO2508-C-7800,0.2,0.2,0.4
2025-08-14,2025-08-14 10:48:15.700,MO2508-C-7800,0.2,0.2,0.4
2025-08-14,2025-08-14 10:48:16.200,MO2508-C-7800,0.2,0.2,0.4
2025-08-14,2025-08-14 10:48:26.200,MO2508-C-7800,0.2,0.2,0.4
2025-08-14,2025-08-14 10:48:26.700,MO2508-C-7800,0.2,0.2,0.4
2025-08-14,2025-08-14 10:48:42.700,MO2508-C-7800,0.2,0.2,0.4
2025-08-14,2025-08-14 10:48:43.200,MO2508-C-7800,0.2,0.2,0.4
2025-08-14,2025-08-14 10:48:44.700,MO2508-C-7800,0.2,0.2,0.4
2025-08-14,2025-08-14 10:48:45.200,MO2508-C-7800,0.2,0.2,0.4
2025-08-14,2025-08-14 10:48:54.700,MO2508-C-7800,0.2,0.2,0.4
2025-08-14,2025-08-14 10:48:55.200,MO2508-C-7800,0.2,0.2,0.4
2025-08-14,2025-08-14 10:49:15.200,MO2508-C-7800,0.2,0.2,0.4
2025-08-14,2025-08-14 10:49:15.700,MO2508-C-7800,0.2,0.2,0.4
2025-08-14,2025-08-14 10:49:24.700,MO2508-C-7800,0.2,0.2,0.4
2025-08-14,2025-08-14 10:49:25.200,MO2508-C-7800,0.2,0.2,0.4
2025-08-14,2025-08-14 10:50:08.200,MO2508-C-7800,0.2,0.2,0.4
2025-08-14,2025-08-14 10:50:08.700,MO2508-C-7800,0.2,0.2,0.4
2025-08-14,2025-08-14 10:50:11.200,MO2508-C-7800,0.2,0.2,0.4
2025-08-14,2025-08-14 10:50:11.700,MO2508-C-7800,0.2,0.2,0.4
2025-08-14,2025-08-14 10:50:20.700,MO2508-C-7800,0.2,0.2,0.4
2025-08-14,2025-08-14 10:50:21.200,MO2508-C-7800,0.2,0.2,0.4
2025-08-14,2025-08-14 10:50:33.700,MO2508-C-7800,0.2,0.2,0.4
2025-08-14,2025-08-14 10:50:34.200,MO2508-C-7800,0.2,0.2,0.4
2025-08-14,2025-08-14 10:51:36.700,MO2508-C-7800,0.2,0.2,0.4
2025-08-14,2025-08-14 10:51:37.200,MO2508-C-7800,0.2,0.2,0.4
2025-08-14,2025-08-14 10:52:03.700,MO2508-C-7800,0.2,0.2,0.4
2025-08-14,2025-08-14 10:52:04.200,MO2508-C-7800,0.2,0.2,0.4
2025-08-14,2025-08-14 10:53:18.700,MO2508-C-7800,0.2,0.2,0.4
2025-08-14,2025-08-14 10:53:19.200,MO2508-C-7800,0.2,0.2,0.4
2025-08-14,2025-08-14 10:53:27.700,MO2508-C-7800,0.2,0.2,0.4
2025-08-14,2025-08-14 10:53:28.200,MO2508-C-7800,0.2,0.2,0.4
2025-08-14,2025-08-14 10:53:30.200,MO2508-C-7800,0.2,0.2,0.4
2025-08-14,2025-08-14 10:53:30.700,MO2508-C-7800,0.2,0.2,0.4
2025-08-14,2025-08-14 10:53:35.700,MO2508-C-7800,0.2,0.2,0.4
2025-08-14,2025-08-14 10:54:11.200,MO2508-C-7800,0.2,0.2,0.4
2025-08-14,2025-08-14 10:54:11.700,MO2508-C-7800,0.2,0.2,0.4
2025-08-14,2025-08-14 10:54:12.200,MO2508-C-7800,0.2,0.2,0.4
2025-08-14,2025-08-14 10:54:12.700,MO2508-C-7800,0.2,0.2,0.4
2025-08-14,2025-08-14 10:54:13.200,MO2508-C-7800,0.2,0.2,0.4
2025-08-14,2025-08-14 10:54:15.200,MO2508-C-7800,0.2,0.2,0.4
2025-08-14,2025-08-14 10:54:17.700,MO2508-C-7800,0.2,0.2,0.4
2025-08-14,2025-08-14 10:54:19.700,MO2508-C-7800,0.2,0.2,0.4
2025-08-14,2025-08-14 10:54:24.700,MO2508-C-7800,0.2,0.2,0.4
2025-08-14,2025-08-14 10:54:25.200,MO2508-C-7800,0.2,0.2,0.4
2025-08-14,2025-08-14 10:54:25.700,MO2508-C-7800,0.2,0.2,0.4
2025-08-14,2025-08-14 10:54:26.200,MO2508-C-7800,0.2,0.2,0.4
2025-08-14,2025-08-14 10:54:39.200,MO2508-C-7800,0.2,0.2,0.4
2025-08-14,2025-08-14 10:54:42.200,MO2508-C-7800,0.2,0.2,0.4
2025-08-14,2025-08-14 10:54:42.700,MO2508-C-7800,0.2,0.2,0.4
2025-08-14,2025-08-14 10:54:57.700,MO2508-C-7800,0.2,0.2,0.4
2025-08-14,2025-08-14 10:55:11.700,MO2508-C-7800,0.2,0.2,0.4
2025-08-14,2025-08-14 10:55:13.200,MO2508-C-7800,0.2,0.2,0.4
2025-08-14,2025-08-14 10:56:13.200,MO2508-C-7800,0.2,0.2,0.4
2025-08-14,2025-08-14 10:56:13.700,MO2508-C-7800,0.2,0.2,0.4
2025-08-14,2025-08-14 10:56:35.200,MO2508-C-7800,0.2,0.2,0.4
2025-08-14,2025-08-14 10:56:42.700,MO2508-C-7800,0.2,0.2,0.4
2025-08-14,2025-08-14 10:57:03.200,MO2508-C-7800,0.2,0.2,0.4
2025-08-14,2025-08-14 10:57:13.700,MO2508-C-7800,0.2,0.2,0.4
2025-08-14,2025-08-14 10:57:20.200,MO2508-C-7800,0.2,0.2,0.4
2025-08-14,2025-08-14 10:58:20.200,MO2508-C-7800,0.2,0.2,0.4
2025-08-14,2025-08-14 10:58:31.700,MO2508-C-7800,0.2,0.2,0.4
2025-08-14,2025-08-14 10:58:43.700,MO2508-C-7800,0.2,0.2,0.4
2025-08-14,2025-08-14 10:58:44.200,MO2508-C-7800,0.2,0.2,0.4
2025-08-14,2025-08-14 10:58:44.700,MO2508-C-7800,0.2,0.2,0.4
2025-08-14,2025-08-14 10:58:45.200,MO2508-C-7800,0.2,0.2,0.4
2025-08-14,2025-08-14 10:58:45.700,MO2508-C-7800,0.2,0.2,0.4
2025-08-14,2025-08-14 10:58:47.700,MO2508-C-7800,0.2,0.2,0.4
2025-08-14,2025-08-14 10:59:12.700,MO2508-C-7800,0.2,0.2,0.4
2025-08-14,2025-08-14 10:59:13.700,MO2508-C-7800,0.2,0.2,0.4
2025-08-14,2025-08-14 10:59:18.200,MO2508-C-7800,0.2,0.2,0.4
2025-08-14,2025-08-14 10:59:24.200,MO2508-C-7800,0.2,0.2,0.4
2025-08-14,2025-08-14 11:00:00.200,MO2508-C-7800,0.2,0.2,0.4
2025-08-14,2025-08-14 11:00:01.200,MO2508-C-7800,0.2,0.2,0.4
2025-08-14,2025-08-14 11:00:12.200,MO2508-C-7800,0.2,0.2,0.4
2025-08-14,2025-08-14 11:00:47.200,MO2508-C-7800,0.2,0.2,0.4
2025-08-14,2025-08-14 11:00:55.700,MO2508-C-7800,0.2,0.2,0.4
2025-08-14,2025-08-14 11:00:56.200,MO2508-C-7800,0.2,0.2,0.4
2025-08-14,2025-08-14 11:01:26.200,MO2508-C-7800,0.2,0.2,0.4
2025-08-14,2025-08-14 11:01:26.700,MO2508-C-7800,0.2,0.2,0.4
2025-08-14,2025-08-14 11:02:07.700,MO2508-C-7800,0.2,0.2,0.4
2025-08-14,2025-08-14 11:03:08.700,MO2508-C-7800,0.2,0.2,0.4
2025-08-14,2025-08-14 11:03:58.700,MO2508-C-7800,0.2,0.2,0.4
2025-08-14,2025-08-14 11:04:17.700,MO2508-C-7800,0.2,0.2,0.4
2025-08-14,2025-08-14 11:04:55.700,MO2508-C-7800,0.2,0.2,0.4
2025-08-14,2025-08-14 11:04:59.700,MO2508-C-7800,0.2,0.2,0.4
2025-08-14,2025-08-14 11:05:14.200,MO2508-C-7800,0.2,0.2,0.4
2025-08-14,2025-08-14 11:05:15.200,MO2508-C-7800,0.2,0.2,0.4
2025-08-14,2025-08-14 11:05:15.700,MO2508-C-7800,0.2,0.2,0.4
2025-08-14,2025-08-14 11:05:38.200,MO2508-C-7800,0.2,0.2,0.4
2025-08-14,2025-08-14 11:05:59.200,MO2508-C-7800,0.2,0.2,0.4
2025-08-14,2025-08-14 11:05:59.700,MO2508-C-7800,0.2,0.2,0.4
2025-08-14,2025-08-14 11:06:03.700,MO2508-C-7800,0.2,0.2,0.4
2025-08-14,2025-08-14 11:06:04.200,MO2508-C-7800,0.2,0.2,0.4
2025-08-14,2025-08-14 11:08:32.700,MO2508-C-7800,0.2,0.2,0.4
2025-08-14,2025-08-14 11:09:18.200,MO2508-C-7800,0.2,0.2,0.4
2025-08-14,2025-08-14 11:10:01.700,MO2508-C-7800,0.2,0.2,0.4
2025-08-14,2025-08-14 11:10:02.200,MO2508-C-7800,0.2,0.2,0.4
2025-08-14,2025-08-14 11:10:51.200,MO2508-C-7800,0.2,0.2,0.4
2025-08-14,2025-08-14 11:10:51.700,MO2508-C-7800,0.2,0.2,0.4
2025-08-14,2025-08-14 11:11:07.200,MO2508-C-7800,0.2,0.2,0.4
2025-08-14,2025-08-14 11:11:07.700,MO2508-C-7800,0.2,0.2,0.4
2025-08-14,2025-08-14 11:12:01.700,MO2508-C-7800,0.2,0.2,0.4
2025-08-14,2025-08-14 11:12:05.700,MO2508-C-7800,0.2,0.2,0.4
2025-08-14,2025-08-14 11:12:14.700,MO2508-C-7800,0.2,0.2,0.4
2025-08-14,2025-08-14 11:12:20.200,MO2508-C-7800,0.2,0.2,0.4
2025-08-14,2025-08-14 11:12:22.200,MO2508-C-7800,0.2,0.2,0.4
2025-08-14,2025-08-14 11:12:27.200,MO2508-C-7800,0.2,0.2,0.4
2025-08-14,2025-08-14 11:12:30.700,MO2508-C-7800,0.2,0.2,0.4
2025-08-14,2025-08-14 11:12:34.200,MO2508-C-7800,0.2,0.2,0.4
2025-08-14,2025-08-14 11:12:38.200,MO2508-C-7800,0.2,0.2,0.4
2025-08-14,2025-08-14 11:12:46.200,MO2508-C-7800,0.2,0.2,0.4
2025-08-14,2025-08-14 11:12:53.200,MO2508-C-7800,0.2,0.2,0.4
2025-08-14,2025-08-14 11:12:57.200,MO2508-C-7800,0.2,0.2,0.4
2025-08-14,2025-08-14 11:13:02.700,MO2508-C-7800,0.2,0.2,0.4
2025-08-14,2025-08-14 11:13:14.700,MO2508-C-7800,0.2,0.2,0.4
2025-08-14,2025-08-14 11:13:34.700,MO2508-C-7800,0.2,0.2,0.4
2025-08-14,2025-08-14 11:13:42.700,MO2508-C-7800,0.2,0.2,0.4
2025-08-14,2025-08-14 11:13:55.700,MO2508-C-7800,0.2,0.2,0.4
2025-08-14,2025-08-14 11:13:57.200,MO2508-C-7800,0.2,0.2,0.4
2025-08-14,2025-08-14 11:14:01.200,MO2508-C-7800,0.2,0.2,0.4
2025-08-14,2025-08-14 11:15:44.700,MO2508-C-7800,0.2,0.2,0.4
2025-08-14,2025-08-14 11:15:45.200,MO2508-C-7800,0.2,0.2,0.4
2025-08-14,2025-08-14 11:16:05.200,MO2508-C-7800,0.2,0.2,0.4
2025-08-14,2025-08-14 11:16:09.700,MO2508-C-7800,0.2,0.2,0.4
2025-08-14,2025-08-14 11:16:18.700,MO2508-C-7800,0.2,0.2,0.4
2025-08-14,2025-08-14 11:16:28.200,MO2508-C-7800,0.2,0.2,0.4
2025-08-14,2025-08-14 11:18:38.700,MO2508-C-7800,0.2,0.2,0.4
2025-08-14,2025-08-14 11:18:39.700,MO2508-C-7800,0.2,0.2,0.4
2025-08-14,2025-08-14 11:18:40.200,MO2508-C-7800,0.2,0.2,0.4
2025-08-14,2025-08-14 11:18:59.200,MO2508-C-7800,0.2,0.2,0.4
2025-08-14,2025-08-14 11:19:02.200,MO2508-C-7800,0.2,0.2,0.4
2025-08-14,2025-08-14 11:19:11.700,MO2508-C-7800,0.2,0.2,0.4
2025-08-14,2025-08-14 11:19:12.200,MO2508-C-7800,0.2,0.2,0.4
2025-08-14,2025-08-14 11:19:27.200,MO2508-C-7800,0.2,0.2,0.4
2025-08-14,2025-08-14 11:19:42.200,MO2508-C-7800,0.2,0.2,0.4
2025-08-14,2025-08-14 11:19:44.200,MO2508-C-7800,0.2,0.2,0.4
2025-08-14,2025-08-14 11:20:06.200,MO2508-C-7800,0.2,0.2,0.4
2025-08-14,2025-08-14 11:20:18.700,MO2508-C-7800,0.2,0.2,0.4
2025-08-14,2025-08-14 11:20:25.700,MO2508-C-7800,0.2,0.2,0.4
2025-08-14,2025-08-14 11:20:26.200,MO2508-C-7800,0.2,0.2,0.4
2025-08-14,2025-08-14 11:21:55.700,MO2508-C-7800,0.2,0.2,0.4
2025-08-14,2025-08-14 11:21:58.700,MO2508-C-7800,0.2,0.2,0.4
2025-08-14,2025-08-14 11:21:59.200,MO2508-C-7800,0.2,0.2,0.4
2025-08-14,2025-08-14 11:22:02.700,MO2508-C-7800,0.2,0.2,0.4
2025-08-14,2025-08-14 11:22:04.200,MO2508-C-7800,0.2,0.2,0.4
2025-08-14,2025-08-14 11:22:10.700,MO2508-C-7800,0.2,0.2,0.4
2025-08-14,2025-08-14 11:23:16.700,MO2508-C-7800,0.2,0.2,0.4
2025-08-14,2025-08-14 11:23:28.200,MO2508-C-7800,0.2,0.2,0.4
2025-08-14,2025-08-14 11:23:31.700,MO2508-C-7800,0.2,0.2,0.4
2025-08-14,2025-08-14 11:26:27.200,MO2508-C-7800,0.2,0.2,0.4
2025-08-14,2025-08-14 11:26:27.700,MO2508-C-7800,0.2,0.2,0.4
2025-08-14,2025-08-14 11:26:30.700,MO2508-C-7800,0.2,0.2,0.4
2025-08-14,2025-08-14 11:26:39.700,MO2508-C-7800,0.2,0.2,0.4
2025-08-14,2025-08-14 11:27:24.700,MO2508-C-7800,0.2,0.2,0.4
2025-08-14,2025-08-14 11:27:26.200,MO2508-C-7800,0.2,0.2,0.4
2025-08-14,2025-08-14 11:27:33.700,MO2508-C-7800,0.2,0.2,0.4
2025-08-14,2025-08-14 11:27:37.700,MO2508-C-7800,0.2,0.2,0.4
2025-08-14,2025-08-14 11:28:35.200,MO2508-C-7800,0.2,0.2,0.4
2025-08-14,2025-08-14 11:29:02.200,MO2508-C-7800,0.2,0.2,0.4
2025-08-14,2025-08-14 11:29:10.200,MO2508-C-7800,0.2,0.2,0.4
2025-08-14,2025-08-14 11:29:10.700,MO2508-C-7800,0.2,0.2,0.4
2025-08-14,2025-08-14 11:29:20.700,MO2508-C-7800,0.2,0.2,0.4
2025-08-14,2025-08-14 11:29:21.200,MO2508-C-7800,0.2,0.2,0.4
2025-08-14,2025-08-14 11:29:22.200,MO2508-C-7800,0.2,0.2,0.4
2025-08-14,2025-08-14 11:29:22.700,MO2508-C-7800,0.2,0.2,0.4
2025-08-14,2025-08-14 11:29:23.200,MO2508-C-7800,0.2,0.2,0.4
2025-08-14,2025-08-14 11:29:30.200,MO2508-C-7800,0.2,0.2,0.4
2025-08-14,2025-08-14 11:29:30.700,MO2508-C-7800,0.2,0.2,0.4
2025-08-14,2025-08-14 11:29:31.700,MO2508-C-7800,0.2,0.2,0.4
2025-08-14,2025-08-14 11:29:33.700,MO2508-C-7800,0.2,0.2,0.4
2025-08-14,2025-08-14 11:29:34.200,MO2508-C-7800,0.2,0.2,0.4
2025-08-14,2025-08-14 11:29:35.200,MO2508-C-7800,0.2,0.2,0.4
2025-08-14,2025-08-14 11:29:35.700,MO2508-C-7800,0.2,0.2,0.4
2025-08-14,2025-08-14 11:29:36.200,MO2508-C-7800,0.2,0.2,0.4
2025-08-14,2025-08-14 11:29:36.700,MO2508-C-7800,0.2,0.2,0.4
2025-08-14,2025-08-14 11:29:42.700,MO2508-C-7800,0.2,0.2,0.4
2025-08-14,2025-08-14 11:29:45.700,MO2508-C-7800,0.2,0.2,0.4
2025-08-14,2025-08-14 11:29:46.200,MO2508-C-7800,0.2,0.2,0.4
2025-08-14,2025-08-14 11:29:47.700,MO2508-C-7800,0.2,0.2,0.4
2025-08-14,2025-08-14 11:29:48.200,MO2508-C-7800,0.2,0.2,0.4
2025-08-14,2025-08-14 11:29:48.700,MO2508-C-7800,0.2,0.2,0.4
2025-08-14,2025-08-14 11:29:49.700,MO2508-C-7800,0.2,0.2,0.4
2025-08-14,2025-08-14 11:29:51.200,MO2508-C-7800,0.2,0.2,0.4
2025-08-14,2025-08-14 11:29:52.700,MO2508-C-7800,0.2,0.2,0.4
2025-08-14,2025-08-14 11:29:56.700,MO2508-C-7800,0.2,0.2,0.4
2025-08-14,2025-08-14 11:29:59.700,MO2508-C-7800,0.2,0.2,0.4
2025-08-14,2025-08-14 13:00:00.700,MO2508-C-7800,0.2,0.2,0.4
2025-08-14,2025-08-14 13:00:01.200,MO2508-C-7800,0.2,0.2,0.4
2025-08-14,2025-08-14 13:00:02.200,MO2508-C-7800,0.2,0.2,0.4
2025-08-14,2025-08-14 13:00:02.700,MO2508-C-7800,0.2,0.2,0.4
2025-08-14,2025-08-14 13:00:09.700,MO2508-C-7800,0.2,0.2,0.4
2025-08-14,2025-08-14 13:00:10.200,MO2508-C-7800,0.2,0.2,0.4
2025-08-14,2025-08-14 13:00:10.700,MO2508-C-7800,0.2,0.2,0.4
2025-08-14,2025-08-14 13:00:11.200,MO2508-C-7800,0.2,0.2,0.4
2025-08-14,2025-08-14 13:00:15.700,MO2508-C-7800,0.2,0.2,0.4
2025-08-14,2025-08-14 13:00:16.200,MO2508-C-7800,0.2,0.2,0.4
2025-08-14,2025-08-14 13:00:16.700,MO2508-C-7800,0.2,0.2,0.4
2025-08-14,2025-08-14 13:00:17.200,MO2508-C-7800,0.2,0.2,0.4
2025-08-14,2025-08-14 13:00:18.700,MO2508-C-7800,0.2,0.2,0.4
2025-08-14,2025-08-14 13:00:23.200,MO2508-C-7800,0.2,0.2,0.4
2025-08-14,2025-08-14 13:00:23.700,MO2508-C-7800,0.2,0.2,0.4
2025-08-14,2025-08-14 13:00:25.200,MO2508-C-7800,0.2,0.2,0.4
2025-08-14,2025-08-14 13:00:25.700,MO2508-C-7800,0.2,0.2,0.4
2025-08-14,2025-08-14 13:00:27.200,MO2508-C-7800,0.2,0.2,0.4
2025-08-14,2025-08-14 13:00:27.700,MO2508-C-7800,0.2,0.2,0.4
2025-08-14,2025-08-14 13:00:32.200,MO2508-C-7800,0.2,0.2,0.4
2025-08-14,2025-08-14 13:00:32.700,MO2508-C-7800,0.2,0.2,0.4
2025-08-14,2025-08-14 13:00:35.700,MO2508-C-7800,0.2,0.2,0.4
2025-08-14,2025-08-14 13:00:36.200,MO2508-C-7800,0.2,0.2,0.4
2025-08-14,2025-08-14 13:00:37.200,MO2508-C-7800,0.2,0.2,0.4
2025-08-14,2025-08-14 13:00:49.700,MO2508-C-7800,0.2,0.2,0.4
2025-08-14,2025-08-14 13:01:09.200,MO2508-C-7800,0.2,0.2,0.4
2025-08-14,2025-08-14 13:01:09.700,MO2508-C-7800,0.2,0.2,0.4
2025-08-14,2025-08-14 13:01:30.700,MO2508-C-7800,0.2,0.2,0.4
2025-08-14,2025-08-14 13:01:31.200,MO2508-C-7800,0.2,0.2,0.4
2025-08-14,2025-08-14 13:01:40.700,MO2508-C-7800,0.2,0.2,0.4
2025-08-14,2025-08-14 13:01:41.700,MO2508-C-7800,0.2,0.2,0.4
2025-08-14,2025-08-14 13:01:45.700,MO2508-C-7800,0.2,0.2,0.4
2025-08-14,2025-08-14 13:01:53.700,MO2508-C-7800,0.2,0.2,0.4
2025-08-14,2025-08-14 13:02:03.200,MO2508-C-7800,0.2,0.2,0.4
2025-08-14,2025-08-14 13:02:03.700,MO2508-C-7800,0.2,0.2,0.4
2025-08-14,2025-08-14 13:02:05.200,MO2508-C-7800,0.2,0.2,0.4
2025-08-14,2025-08-14 13:02:05.700,MO2508-C-7800,0.2,0.2,0.4
2025-08-14,2025-08-14 13:02:06.200,MO2508-C-7800,0.2,0.2,0.4
2025-08-14,2025-08-14 13:02:06.700,MO2508-C-7800,0.2,0.2,0.4
2025-08-14,2025-08-14 13:02:10.700,MO2508-C-7800,0.2,0.2,0.4
2025-08-14,2025-08-14 13:02:11.200,MO2508-C-7800,0.2,0.2,0.4
2025-08-14,2025-08-14 13:04:00.700,MO2508-C-7800,0.2,0.2,0.4
2025-08-14,2025-08-14 13:04:02.200,MO2508-C-7800,0.2,0.2,0.4
2025-08-14,2025-08-14 13:04:27.700,MO2508-C-7800,0.2,0.2,0.4
2025-08-14,2025-08-14 13:04:30.200,MO2508-C-7800,0.2,0.2,0.4
2025-08-14,2025-08-14 13:04:30.700,MO2508-C-7800,0.2,0.2,0.4
2025-08-14,2025-08-14 13:04:35.200,MO2508-C-7800,0.2,0.2,0.4
2025-08-14,2025-08-14 13:04:48.700,MO2508-C-7800,0.2,0.2,0.4
2025-08-14,2025-08-14 13:05:00.200,MO2508-C-7800,0.2,0.2,0.4
2025-08-14,2025-08-14 13:05:02.700,MO2508-C-7800,0.2,0.2,0.4
2025-08-14,2025-08-14 13:05:03.700,MO2508-C-7800,0.2,0.2,0.4
2025-08-14,2025-08-14 13:05:04.200,MO2508-C-7800,0.2,0.2,0.4
2025-08-14,2025-08-14 13:05:04.700,MO2508-C-7800,0.2,0.2,0.4
2025-08-14,2025-08-14 13:05:05.200,MO2508-C-7800,0.2,0.2,0.4
2025-08-14,2025-08-14 13:05:12.200,MO2508-C-7800,0.2,0.2,0.4
2025-08-14,2025-08-14 13:05:15.700,MO2508-C-7800,0.2,0.2,0.4
2025-08-14,2025-08-14 13:05:18.700,MO2508-C-7800,0.2,0.2,0.4
2025-08-14,2025-08-14 13:06:00.200,MO2508-C-7800,0.2,0.2,0.4
2025-08-14,2025-08-14 13:06:08.700,MO2508-C-7800,0.2,0.2,0.4
2025-08-14,2025-08-14 13:06:10.200,MO2508-C-7800,0.2,0.2,0.4
2025-08-14,2025-08-14 13:06:12.200,MO2508-C-7800,0.2,0.2,0.4
2025-08-14,2025-08-14 13:06:19.700,MO2508-C-7800,0.2,0.2,0.4
2025-08-14,2025-08-14 13:06:44.200,MO2508-C-7800,0.2,0.2,0.4
2025-08-14,2025-08-14 13:06:44.700,MO2508-C-7800,0.2,0.2,0.4
2025-08-14,2025-08-14 13:06:45.200,MO2508-C-7800,0.2,0.2,0.4
2025-08-14,2025-08-14 13:06:45.700,MO2508-C-7800,0.2,0.2,0.4
2025-08-14,2025-08-14 13:06:51.200,MO2508-C-7800,0.2,0.2,0.4
2025-08-14,2025-08-14 13:06:59.700,MO2508-C-7800,0.2,0.2,0.4
2025-08-14,2025-08-14 13:07:00.200,MO2508-C-7800,0.2,0.2,0.4
2025-08-14,2025-08-14 13:07:48.200,MO2508-C-7800,0.2,0.2,0.4
2025-08-14,2025-08-14 13:07:48.700,MO2508-C-7800,0.2,0.2,0.4
2025-08-14,2025-08-14 13:07:49.200,MO2508-C-7800,0.2,0.2,0.4
2025-08-14,2025-08-14 13:07:50.200,MO2508-C-7800,0.2,0.2,0.4
2025-08-14,2025-08-14 13:07:51.700,MO2508-C-7800,0.2,0.2,0.4
2025-08-14,2025-08-14 13:07:56.200,MO2508-C-7800,0.2,0.2,0.4
2025-08-14,2025-08-14 13:07:56.700,MO2508-C-7800,0.2,0.2,0.4
2025-08-14,2025-08-14 13:08:00.700,MO2508-C-7800,0.2,0.2,0.4
2025-08-14,2025-08-14 13:08:03.700,MO2508-C-7800,0.2,0.2,0.4
2025-08-14,2025-08-14 13:08:04.200,MO2508-C-7800,0.2,0.2,0.4
2025-08-14,2025-08-14 13:08:04.700,MO2508-C-7800,0.2,0.2,0.4
2025-08-14,2025-08-14 13:08:06.700,MO2508-C-7800,0.2,0.2,0.4
2025-08-14,2025-08-14 13:08:07.200,MO2508-C-7800,0.2,0.2,0.4
2025-08-14,2025-08-14 13:08:10.700,MO2508-C-7800,0.2,0.2,0.4
2025-08-14,2025-08-14 13:08:13.700,MO2508-C-7800,0.2,0.2,0.4
2025-08-14,2025-08-14 13:08:14.200,MO2508-C-7800,0.2,0.2,0.4
2025-08-14,2025-08-14 13:08:14.700,MO2508-C-7800,0.2,0.2,0.4
2025-08-14,2025-08-14 13:08:16.200,MO2508-C-7800,0.2,0.2,0.4
2025-08-14,2025-08-14 13:08:16.700,MO2508-C-7800,0.2,0.2,0.4
2025-08-14,2025-08-14 13:08:21.200,MO2508-C-7800,0.2,0.2,0.4
2025-08-14,2025-08-14 13:08:21.700,MO2508-C-7800,0.2,0.2,0.4
2025-08-14,2025-08-14 13:08:30.200,MO2508-C-7800,0.2,0.2,0.4
2025-08-14,2025-08-14 13:08:30.700,MO2508-C-7800,0.2,0.2,0.4
2025-08-14,2025-08-14 13:08:31.200,MO2508-C-7800,0.2,0.2,0.4
2025-08-14,2025-08-14 13:08:31.700,MO2508-C-7800,0.2,0.2,0.4
2025-08-14,2025-08-14 13:08:32.200,MO2508-C-7800,0.2,0.2,0.4
2025-08-14,2025-08-14 13:08:32.700,MO2508-C-7800,0.2,0.2,0.4
2025-08-14,2025-08-14 13:08:40.200,MO2508-C-7800,0.2,0.2,0.4
2025-08-14,2025-08-14 13:08:40.700,MO2508-C-7800,0.2,0.2,0.4
2025-08-14,2025-08-14 13:08:41.200,MO2508-C-7800,0.2,0.2,0.4
2025-08-14,2025-08-14 13:08:45.200,MO2508-C-7800,0.2,0.2,0.4
2025-08-14,2025-08-14 13:08:45.700,MO2508-C-7800,0.2,0.2,0.4
2025-08-14,2025-08-14 13:08:46.700,MO2508-C-7800,0.2,0.2,0.4
2025-08-14,2025-08-14 13:08:47.200,MO2508-C-7800,0.2,0.2,0.4
2025-08-14,2025-08-14 13:08:47.700,MO2508-C-7800,0.2,0.2,0.4
2025-08-14,2025-08-14 13:08:53.700,MO2508-C-7800,0.2,0.2,0.4
2025-08-14,2025-08-14 13:08:55.200,MO2508-C-7800,0.2,0.2,0.4
2025-08-14,2025-08-14 13:08:55.700,MO2508-C-7800,0.2,0.2,0.4
2025-08-14,2025-08-14 13:08:59.700,MO2508-C-7800,0.2,0.2,0.4
2025-08-14,2025-08-14 13:09:00.200,MO2508-C-7800,0.2,0.2,0.4
2025-08-14,2025-08-14 13:09:13.200,MO2508-C-7800,0.2,0.2,0.4
2025-08-14,2025-08-14 13:09:13.700,MO2508-C-7800,0.2,0.2,0.4
2025-08-14,2025-08-14 13:09:36.200,MO2508-C-7800,0.2,0.2,0.4
2025-08-14,2025-08-14 13:09:36.700,MO2508-C-7800,0.2,0.2,0.4
2025-08-14,2025-08-14 13:09:38.700,MO2508-C-7800,0.2,0.2,0.4
2025-08-14,2025-08-14 13:09:39.200,MO2508-C-7800,0.2,0.2,0.4
2025-08-14,2025-08-14 13:09:40.700,MO2508-C-7800,0.2,0.2,0.4
2025-08-14,2025-08-14 13:09:41.200,MO2508-C-7800,0.2,0.2,0.4
2025-08-14,2025-08-14 13:09:41.700,MO2508-C-7800,0.2,0.2,0.4
2025-08-14,2025-08-14 13:09:42.700,MO2508-C-7800,0.2,0.2,0.4
2025-08-14,2025-08-14 13:09:49.700,MO2508-C-7800,0.2,0.2,0.4
2025-08-14,2025-08-14 13:09:50.200,MO2508-C-7800,0.2,0.2,0.4
2025-08-14,2025-08-14 13:09:53.700,MO2508-C-7800,0.2,0.2,0.4
2025-08-14,2025-08-14 13:09:54.200,MO2508-C-7800,0.2,0.2,0.4
2025-08-14,2025-08-14 13:10:00.200,MO2508-C-7800,0.2,0.2,0.4
2025-08-14,2025-08-14 13:10:01.700,MO2508-C-7800,0.2,0.2,0.4
2025-08-14,2025-08-14 13:10:02.200,MO2508-C-7800,0.2,0.2,0.4
2025-08-14,2025-08-14 13:10:02.700,MO2508-C-7800,0.2,0.2,0.4
2025-08-14,2025-08-14 13:10:03.200,MO2508-C-7800,0.2,0.2,0.4
2025-08-14,2025-08-14 13:10:06.700,MO2508-C-7800,0.2,0.2,0.4
2025-08-14,2025-08-14 13:10:07.200,MO2508-C-7800,0.2,0.2,0.4
2025-08-14,2025-08-14 13:10:07.700,MO2508-C-7800,0.2,0.2,0.4
2025-08-14,2025-08-14 13:10:25.200,MO2508-C-7800,0.2,0.2,0.4
2025-08-14,2025-08-14 13:10:25.700,MO2508-C-7800,0.2,0.2,0.4
2025-08-14,2025-08-14 13:10:29.200,MO2508-C-7800,0.2,0.2,0.4
2025-08-14,2025-08-14 13:10:29.700,MO2508-C-7800,0.2,0.2,0.4
2025-08-14,2025-08-14 13:10:32.700,MO2508-C-7800,0.2,0.2,0.4
2025-08-14,2025-08-14 13:10:33.200,MO2508-C-7800,0.2,0.2,0.4
2025-08-14,2025-08-14 13:10:43.200,MO2508-C-7800,0.2,0.2,0.4
2025-08-14,2025-08-14 13:10:43.700,MO2508-C-7800,0.2,0.2,0.4
2025-08-14,2025-08-14 13:10:53.700,MO2508-C-7800,0.2,0.2,0.4
2025-08-14,2025-08-14 13:10:54.200,MO2508-C-7800,0.2,0.2,0.4
2025-08-14,2025-08-14 13:11:03.200,MO2508-C-7800,0.2,0.2,0.4
2025-08-14,2025-08-14 13:11:07.200,MO2508-C-7800,0.2,0.2,0.4
2025-08-14,2025-08-14 13:11:08.700,MO2508-C-7800,0.2,0.2,0.4
2025-08-14,2025-08-14 13:11:14.200,MO2508-C-7800,0.2,0.2,0.4
2025-08-14,2025-08-14 13:11:17.700,MO2508-C-7800,0.2,0.2,0.4
2025-08-14,2025-08-14 13:11:21.200,MO2508-C-7800,0.2,0.2,0.4
2025-08-14,2025-08-14 13:12:01.200,MO2508-C-7800,0.2,0.2,0.4
2025-08-14,2025-08-14 13:12:01.700,MO2508-C-7800,0.2,0.2,0.4
2025-08-14,2025-08-14 13:12:08.700,MO2508-C-7800,0.2,0.2,0.4
2025-08-14,2025-08-14 13:12:09.200,MO2508-C-7800,0.2,0.2,0.4
2025-08-14,2025-08-14 13:12:09.700,MO2508-C-7800,0.2,0.2,0.4
2025-08-14,2025-08-14 13:12:10.200,MO2508-C-7800,0.2,0.2,0.4
2025-08-14,2025-08-14 13:12:10.700,MO2508-C-7800,0.2,0.2,0.4
2025-08-14,2025-08-14 13:12:20.200,MO2508-C-7800,0.2,0.2,0.4
2025-08-14,2025-08-14 13:12:31.200,MO2508-C-7800,0.2,0.2,0.4
2025-08-14,2025-08-14 13:12:33.200,MO2508-C-7800,0.2,0.2,0.4
2025-08-14,2025-08-14 13:12:46.700,MO2508-C-7800,0.2,0.2,0.4
2025-08-14,2025-08-14 13:12:47.200,MO2508-C-7800,0.2,0.2,0.4
2025-08-14,2025-08-14 13:12:57.700,MO2508-C-7800,0.2,0.2,0.4
2025-08-14,2025-08-14 13:12:58.200,MO2508-C-7800,0.2,0.2,0.4
2025-08-14,2025-08-14 13:12:58.700,MO2508-C-7800,0.2,0.2,0.4
2025-08-14,2025-08-14 13:13:50.200,MO2508-C-7800,0.2,0.2,0.4
2025-08-14,2025-08-14 13:13:50.700,MO2508-C-7800,0.2,0.2,0.4
2025-08-14,2025-08-14 13:14:58.700,MO2508-C-7800,0.2,0.2,0.4
2025-08-14,2025-08-14 13:15:28.700,MO2508-C-7800,0.2,0.2,0.4
2025-08-14,2025-08-14 13:15:31.700,MO2508-C-7800,0.2,0.2,0.4
2025-08-14,2025-08-14 13:15:32.200,MO2508-C-7800,0.2,0.2,0.4
2025-08-14,2025-08-14 13:15:56.700,MO2508-C-7800,0.2,0.2,0.4
2025-08-14,2025-08-14 13:15:58.200,MO2508-C-7800,0.2,0.2,0.4
2025-08-14,2025-08-14 13:15:58.700,MO2508-C-7800,0.2,0.2,0.4
2025-08-14,2025-08-14 13:16:01.200,MO2508-C-7800,0.2,0.2,0.4
2025-08-14,2025-08-14 13:16:03.700,MO2508-C-7800,0.2,0.2,0.4
2025-08-14,2025-08-14 13:16:09.200,MO2508-C-7800,0.2,0.0,0.4
2025-08-14,2025-08-14 13:16:09.700,MO2508-C-7800,0.2,0.0,0.4
2025-08-14,2025-08-14 13:16:10.700,MO2508-C-7800,0.2,0.0,0.4
2025-08-14,2025-08-14 13:16:19.200,MO2508-C-7800,0.2,0.0,0.4
2025-08-14,2025-08-14 13:16:20.200,MO2508-C-7800,0.2,0.0,0.4
2025-08-14,2025-08-14 13:16:22.200,MO2508-C-7800,0.2,0.0,0.2
2025-08-14,2025-08-14 13:16:22.700,MO2508-C-7800,0.2,0.0,0.2
2025-08-14,2025-08-14 13:16:23.200,MO2508-C-7800,0.2,0.0,0.2
2025-08-14,2025-08-14 13:17:15.200,MO2508-C-7800,0.2,0.0,0.2
2025-08-14,2025-08-14 13:17:17.700,MO2508-C-7800,0.2,0.0,0.2
2025-08-14,2025-08-14 13:17:34.200,MO2508-C-7800,0.2,0.0,0.2
2025-08-14,2025-08-14 13:17:41.700,MO2508-C-7800,0.2,0.0,0.2
2025-08-14,2025-08-14 13:20:54.200,MO2508-C-7800,0.2,0.0,0.2
2025-08-14,2025-08-14 13:21:13.200,MO2508-C-7800,0.2,0.0,0.2
2025-08-14,2025-08-14 13:22:29.700,MO2508-C-7800,0.2,0.0,0.2
2025-08-14,2025-08-14 13:22:30.200,MO2508-C-7800,0.2,0.0,0.2
2025-08-14,2025-08-14 13:23:02.700,MO2508-C-7800,0.2,0.0,0.2
2025-08-14,2025-08-14 13:23:03.200,MO2508-C-7800,0.2,0.0,0.2
2025-08-14,2025-08-14 13:23:26.200,MO2508-C-7800,0.2,0.0,0.2
2025-08-14,2025-08-14 13:23:28.700,MO2508-C-7800,0.2,0.0,0.2
2025-08-14,2025-08-14 13:23:46.700,MO2508-C-7800,0.2,0.0,0.2
2025-08-14,2025-08-14 13:24:05.700,MO2508-C-7800,0.2,0.0,0.2
2025-08-14,2025-08-14 13:24:21.700,MO2508-C-7800,0.2,0.0,0.2
2025-08-14,2025-08-14 13:24:22.200,MO2508-C-7800,0.2,0.0,0.2
2025-08-14,2025-08-14 13:24:59.200,MO2508-C-7800,0.2,0.0,0.2
2025-08-14,2025-08-14 13:24:59.700,MO2508-C-7800,0.2,0.0,0.2
2025-08-14,2025-08-14 13:26:03.700,MO2508-C-7800,0.2,0.0,0.2
2025-08-14,2025-08-14 13:26:04.200,MO2508-C-7800,0.2,0.0,0.2
2025-08-14,2025-08-14 13:26:09.700,MO2508-C-7800,0.2,0.0,0.2
2025-08-14,2025-08-14 13:26:10.200,MO2508-C-7800,0.2,0.0,0.2
2025-08-14,2025-08-14 13:26:11.700,MO2508-C-7800,0.2,0.0,0.2
2025-08-14,2025-08-14 13:26:12.200,MO2508-C-7800,0.2,0.0,0.2
2025-08-14,2025-08-14 13:26:19.700,MO2508-C-7800,0.2,0.0,0.2
2025-08-14,2025-08-14 13:26:20.200,MO2508-C-7800,0.2,0.0,0.2
2025-08-14,2025-08-14 13:26:34.200,MO2508-C-7800,0.2,0.0,0.2
2025-08-14,2025-08-14 13:26:34.700,MO2508-C-7800,0.2,0.0,0.2
2025-08-14,2025-08-14 13:26:37.200,MO2508-C-7800,0.2,0.0,0.2
2025-08-14,2025-08-14 13:26:37.700,MO2508-C-7800,0.2,0.0,0.2
2025-08-14,2025-08-14 13:26:47.700,MO2508-C-7800,0.2,0.0,0.2
2025-08-14,2025-08-14 13:26:50.700,MO2508-C-7800,0.2,0.0,0.2
2025-08-14,2025-08-14 13:26:51.200,MO2508-C-7800,0.2,0.0,0.2
2025-08-14,2025-08-14 13:26:51.700,MO2508-C-7800,0.2,0.0,0.2
2025-08-14,2025-08-14 13:27:11.200,MO2508-C-7800,0.2,0.0,0.2
2025-08-14,2025-08-14 13:27:11.700,MO2508-C-7800,0.2,0.0,0.2
2025-08-14,2025-08-14 13:27:28.700,MO2508-C-7800,0.2,0.0,0.2
2025-08-14,2025-08-14 13:27:41.700,MO2508-C-7800,0.2,0.0,0.2
2025-08-14,2025-08-14 13:27:42.200,MO2508-C-7800,0.2,0.0,0.2
2025-08-14,2025-08-14 13:28:08.200,MO2508-C-7800,0.2,0.0,0.2
2025-08-14,2025-08-14 13:28:08.700,MO2508-C-7800,0.2,0.0,0.2
2025-08-14,2025-08-14 13:28:45.200,MO2508-C-7800,0.2,0.0,0.2
2025-08-14,2025-08-14 13:28:45.700,MO2508-C-7800,0.2,0.0,0.2
2025-08-14,2025-08-14 13:28:56.200,MO2508-C-7800,0.2,0.0,0.2
2025-08-14,2025-08-14 13:28:56.700,MO2508-C-7800,0.2,0.0,0.2
2025-08-14,2025-08-14 13:28:59.200,MO2508-C-7800,0.2,0.0,0.2
2025-08-14,2025-08-14 13:29:48.700,MO2508-C-7800,0.2,0.0,0.2
2025-08-14,2025-08-14 13:29:49.200,MO2508-C-7800,0.2,0.0,0.2
2025-08-14,2025-08-14 13:30:41.700,MO2508-C-7800,0.2,0.0,0.2
2025-08-14,2025-08-14 13:30:42.200,MO2508-C-7800,0.2,0.0,0.2
2025-08-14,2025-08-14 13:30:47.200,MO2508-C-7800,0.2,0.0,0.2
2025-08-14,2025-08-14 13:30:50.200,MO2508-C-7800,0.2,0.0,0.2
2025-08-14,2025-08-14 13:30:50.700,MO2508-C-7800,0.2,0.0,0.2
2025-08-14,2025-08-14 13:30:52.700,MO2508-C-7800,0.2,0.0,0.2
2025-08-14,2025-08-14 13:31:06.700,MO2508-C-7800,0.2,0.0,0.2
2025-08-14,2025-08-14 13:31:07.200,MO2508-C-7800,0.2,0.0,0.2
2025-08-14,2025-08-14 13:31:12.200,MO2508-C-7800,0.2,0.0,0.2
2025-08-14,2025-08-14 13:31:12.700,MO2508-C-7800,0.2,0.0,0.2
2025-08-14,2025-08-14 13:32:37.200,MO2508-C-7800,0.2,0.0,0.2
2025-08-14,2025-08-14 13:32:37.700,MO2508-C-7800,0.2,0.0,0.2
2025-08-14,2025-08-14 13:35:14.700,MO2508-C-7800,0.2,0.0,0.2
2025-08-14,2025-08-14 13:35:32.200,MO2508-C-7800,0.2,0.0,0.2
2025-08-14,2025-08-14 13:37:04.700,MO2508-C-7800,0.2,0.0,0.2
2025-08-14,2025-08-14 13:37:09.200,MO2508-C-7800,0.2,0.0,0.2
2025-08-14,2025-08-14 13:37:15.700,MO2508-C-7800,0.2,0.0,0.2
2025-08-14,2025-08-14 13:37:46.700,MO2508-C-7800,0.2,0.0,0.2
2025-08-14,2025-08-14 13:41:39.200,MO2508-C-7800,0.2,0.0,0.2
2025-08-14,2025-08-14 13:41:51.200,MO2508-C-7800,0.2,0.0,0.2
2025-08-14,2025-08-14 13:55:13.200,MO2508-C-7800,0.2,0.0,0.2
2025-08-14,2025-08-14 13:59:55.200,MO2508-C-7800,0.2,0.0,0.2
2025-08-14,2025-08-14 14:02:39.200,MO2508-C-7800,0.2,0.0,0.2
2025-08-14,2025-08-14 14:03:03.200,MO2508-C-7800,0.2,0.0,0.2
2025-08-14,2025-08-14 14:04:12.200,MO2508-C-7800,0.2,0.0,0.2
2025-08-14,2025-08-14 14:04:24.700,MO2508-C-7800,0.2,0.0,0.2
2025-08-14,2025-08-14 14:13:30.200,MO2508-C-7800,0.2,0.0,0.2
2025-08-14,2025-08-14 14:14:34.700,MO2508-C-7800,0.2,0.0,0.2
2025-08-14,2025-08-14 14:14:39.700,MO2508-C-7800,0.2,0.0,0.2
2025-08-14,2025-08-14 14:14:58.700,MO2508-C-7800,0.2,0.0,0.2
2025-08-14,2025-08-14 14:15:27.200,MO2508-C-7800,0.2,0.0,0.2
2025-08-14,2025-08-14 14:21:11.700,MO2508-C-7800,0.2,0.0,0.2
2025-08-14,2025-08-14 14:21:19.200,MO2508-C-7800,0.2,0.0,0.2
2025-08-14,2025-08-14 14:21:19.700,MO2508-C-7800,0.2,0.0,0.2
2025-08-14,2025-08-14 14:24:22.700,MO2508-C-7800,0.2,0.0,0.2
2025-08-14,2025-08-14 14:24:23.200,MO2508-C-7800,0.2,0.0,0.2
2025-08-14,2025-08-14 14:25:01.700,MO2508-C-7800,0.2,0.0,0.2
2025-08-14,2025-08-14 14:25:02.200,MO2508-C-7800,0.2,0.0,0.2
2025-08-14,2025-08-14 14:25:31.200,MO2508-C-7800,0.2,0.0,0.2
2025-08-14,2025-08-14 14:36:33.200,MO2508-C-7800,0.2,0.0,0.2
2025-08-14,2025-08-14 14:37:20.700,MO2508-C-7800,0.2,0.0,0.2
2025-08-14,2025-08-14 14:41:08.700,MO2508-C-7800,0.2,0.0,0.2
2025-08-14,2025-08-14 14:41:17.700,MO2508-C-7800,0.2,0.0,0.2
2025-08-14,2025-08-14 14:41:18.200,MO2508-C-7800,0.2,0.0,0.2
2025-08-14,2025-08-14 14:44:00.700,MO2508-C-7800,0.2,0.0,0.2
2025-08-14,2025-08-14 14:44:30.200,MO2508-C-7800,0.2,0.0,0.2
2025-08-14,2025-08-14 14:47:11.200,MO2508-C-7800,0.2,0.0,0.2
2025-08-14,2025-08-14 14:47:11.700,MO2508-C-7800,0.2,0.0,0.2
2025-08-14,2025-08-14 14:47:12.700,MO2508-C-7800,0.2,0.0,0.2
2025-08-14,2025-08-14 14:47:13.700,MO2508-C-7800,0.2,0.0,0.2
2025-08-14,2025-08-14 14:48:37.700,MO2508-C-7800,0.2,0.0,0.2
2025-08-14,2025-08-14 14:48:56.700,MO2508-C-7800,0.2,0.0,0.2
2025-08-14,2025-08-14 14:50:06.200,MO2508-C-7800,0.2,0.0,0.2
2025-08-14,2025-08-14 14:50:17.700,MO2508-C-7800,0.2,0.0,0.2
2025-08-14,2025-08-14 14:50:32.200,MO2508-C-7800,0.2,0.0,0.2
2025-08-14,2025-08-14 14:50:39.700,MO2508-C-7800,0.2,0.0,0.2
2025-08-14,2025-08-14 14:56:30.200,MO2508-C-7800,0.2,0.0,0.2
2025-08-14,2025-08-14 14:56:36.200,MO2508-C-7800,0.2,0.0,0.2
2025-08-14,2025-08-14 14:56:58.200,MO2508-C-7800,0.2,0.0,0.2
2025-08-14,2025-08-14 14:56:59.700,MO2508-C-7800,0.2,0.0,0.2
2025-08-14,2025-08-14 15:00:00.200,MO2508-C-7800,0.2,0.2,0.4
2025-08-14,2025-08-14 15:25:02.200,MO2508-C-7800,0.2,0.2,0.4
2025-08-14,2025-08-14 15:31:20.200,MO2508-C-7800,0.2,0.2,0.4
2025-08-15,2025-08-15 09:29:00.000,MO2508-C-7800,0.2,0.0,0.2
2025-08-15,2025-08-15 09:30:00.500,MO2508-C-7800,0.2,0.0,0.2
2025-08-15,2025-08-15 09:30:01.000,MO2508-C-7800,0.2,0.0,0.2
2025-08-15,2025-08-15 09:30:02.000,MO2508-C-7800,0.2,0.0,0.2
2025-08-15,2025-08-15 09:30:05.500,MO2508-C-7800,0.2,0.0,0.2
2025-08-15,2025-08-15 09:30:06.000,MO2508-C-7800,0.2,0.2,0.4
2025-08-15,2025-08-15 09:30:06.500,MO2508-C-7800,0.2,0.2,0.4
2025-08-15,2025-08-15 09:30:07.000,MO2508-C-7800,0.2,0.2,0.4
2025-08-15,2025-08-15 09:30:07.500,MO2508-C-7800,0.2,0.2,0.4
2025-08-15,2025-08-15 09:30:08.000,MO2508-C-7800,0.2,0.2,0.4
2025-08-15,2025-08-15 09:30:12.000,MO2508-C-7800,0.2,0.2,0.4
2025-08-15,2025-08-15 09:30:12.500,MO2508-C-7800,0.2,0.2,0.4
2025-08-15,2025-08-15 09:30:15.500,MO2508-C-7800,0.2,0.2,0.4
2025-08-15,2025-08-15 09:30:16.000,MO2508-C-7800,0.2,0.2,0.4
2025-08-15,2025-08-15 09:30:17.000,MO2508-C-7800,0.2,0.2,0.4
2025-08-15,2025-08-15 09:30:18.500,MO2508-C-7800,0.2,0.2,0.4
2025-08-15,2025-08-15 09:30:31.000,MO2508-C-7800,0.2,0.0,0.4
2025-08-15,2025-08-15 09:30:31.500,MO2508-C-7800,0.2,0.0,0.4
2025-08-15,2025-08-15 09:30:32.500,MO2508-C-7800,0.2,0.0,0.2
2025-08-15,2025-08-15 09:30:33.500,MO2508-C-7800,0.2,0.0,0.2
2025-08-15,2025-08-15 09:30:40.500,MO2508-C-7800,0.2,0.0,0.2
2025-08-15,2025-08-15 09:30:48.000,MO2508-C-7800,0.2,0.0,0.2
2025-08-15,2025-08-15 09:30:48.500,MO2508-C-7800,0.2,0.0,0.2
2025-08-15,2025-08-15 09:30:54.500,MO2508-C-7800,0.2,0.0,0.2
2025-08-15,2025-08-15 09:30:56.000,MO2508-C-7800,0.2,0.0,0.2
2025-08-15,2025-08-15 09:30:57.000,MO2508-C-7800,0.2,0.0,0.2
2025-08-15,2025-08-15 09:31:04.500,MO2508-C-7800,0.2,0.0,0.2
2025-08-15,2025-08-15 09:31:05.000,MO2508-C-7800,0.2,0.0,0.2
2025-08-15,2025-08-15 09:31:08.500,MO2508-C-7800,0.2,0.0,0.2
2025-08-15,2025-08-15 09:31:24.500,MO2508-C-7800,0.2,0.0,0.2
2025-08-15,2025-08-15 09:31:28.500,MO2508-C-7800,0.2,0.0,0.2
2025-08-15,2025-08-15 09:31:45.000,MO2508-C-7800,0.2,0.0,0.2
2025-08-15,2025-08-15 09:32:04.000,MO2508-C-7800,0.2,0.0,0.2
2025-08-15,2025-08-15 09:32:06.000,MO2508-C-7800,0.2,0.0,0.2
2025-08-15,2025-08-15 09:32:17.000,MO2508-C-7800,0.2,0.0,0.2
2025-08-15,2025-08-15 09:32:32.500,MO2508-C-7800,0.2,0.0,0.2
2025-08-15,2025-08-15 09:33:08.500,MO2508-C-7800,0.2,0.0,0.2
2025-08-15,2025-08-15 09:33:11.000,MO2508-C-7800,0.2,0.0,0.2
2025-08-15,2025-08-15 09:33:12.500,MO2508-C-7800,0.2,0.0,0.2
2025-08-15,2025-08-15 09:33:38.500,MO2508-C-7800,0.2,0.0,0.2
2025-08-15,2025-08-15 09:33:54.000,MO2508-C-7800,0.2,0.0,0.2
2025-08-15,2025-08-15 09:34:14.500,MO2508-C-7800,0.2,0.0,0.2
2025-08-15,2025-08-15 09:34:47.500,MO2508-C-7800,0.2,0.0,0.2
2025-08-15,2025-08-15 09:34:53.500,MO2508-C-7800,0.2,0.0,0.2
2025-08-15,2025-08-15 09:34:54.000,MO2508-C-7800,0.2,0.0,0.2
2025-08-15,2025-08-15 09:34:56.500,MO2508-C-7800,0.2,0.0,0.2
2025-08-15,2025-08-15 09:34:59.000,MO2508-C-7800,0.2,0.0,0.2
2025-08-15,2025-08-15 09:36:44.000,MO2508-C-7800,0.2,0.0,0.2
2025-08-15,2025-08-15 09:36:45.000,MO2508-C-7800,0.2,0.0,0.2
2025-08-15,2025-08-15 09:37:16.500,MO2508-C-7800,0.2,0.0,0.2
2025-08-15,2025-08-15 09:37:17.000,MO2508-C-7800,0.2,0.0,0.2
2025-08-15,2025-08-15 09:37:28.500,MO2508-C-7800,0.2,0.0,0.2
2025-08-15,2025-08-15 09:37:29.000,MO2508-C-7800,0.2,0.0,0.2
2025-08-15,2025-08-15 09:37:41.000,MO2508-C-7800,0.2,0.0,0.2
2025-08-15,2025-08-15 09:37:41.500,MO2508-C-7800,0.2,0.0,0.2
2025-08-15,2025-08-15 09:37:51.500,MO2508-C-7800,0.2,0.0,0.2
2025-08-15,2025-08-15 09:37:55.500,MO2508-C-7800,0.2,0.0,0.2
2025-08-15,2025-08-15 09:37:56.000,MO2508-C-7800,0.2,0.0,0.2
2025-08-15,2025-08-15 09:38:21.500,MO2508-C-7800,0.2,0.0,0.2
2025-08-15,2025-08-15 09:38:22.000,MO2508-C-7800,0.2,0.0,0.2
2025-08-15,2025-08-15 09:38:28.500,MO2508-C-7800,0.2,0.0,0.2
2025-08-15,2025-08-15 09:38:29.000,MO2508-C-7800,0.2,0.0,0.2
2025-08-15,2025-08-15 09:38:46.500,MO2508-C-7800,0.2,0.0,0.2
2025-08-15,2025-08-15 09:38:47.500,MO2508-C-7800,0.2,0.0,0.2
2025-08-15,2025-08-15 09:38:52.000,MO2508-C-7800,0.2,0.0,0.2
2025-08-15,2025-08-15 09:38:52.500,MO2508-C-7800,0.2,0.0,0.2
2025-08-15,2025-08-15 09:39:19.000,MO2508-C-7800,0.2,0.0,0.2
2025-08-15,2025-08-15 09:39:19.500,MO2508-C-7800,0.2,0.0,0.2
2025-08-15,2025-08-15 09:39:38.000,MO2508-C-7800,0.2,0.0,0.2
2025-08-15,2025-08-15 09:39:38.500,MO2508-C-7800,0.2,0.0,0.2
2025-08-15,2025-08-15 09:39:40.500,MO2508-C-7800,0.2,0.0,0.2
2025-08-15,2025-08-15 09:39:41.000,MO2508-C-7800,0.2,0.0,0.2
2025-08-15,2025-08-15 09:39:44.000,MO2508-C-7800,0.2,0.0,0.2
2025-08-15,2025-08-15 09:39:45.000,MO2508-C-7800,0.2,0.0,0.2
2025-08-15,2025-08-15 09:39:45.500,MO2508-C-7800,0.2,0.0,0.2
2025-08-15,2025-08-15 09:39:46.000,MO2508-C-7800,0.2,0.0,0.2
2025-08-15,2025-08-15 09:39:46.500,MO2508-C-7800,0.2,0.0,0.2
2025-08-15,2025-08-15 09:39:47.500,MO2508-C-7800,0.2,0.0,0.2
2025-08-15,2025-08-15 09:39:49.500,MO2508-C-7800,0.2,0.0,0.2
2025-08-15,2025-08-15 09:39:50.000,MO2508-C-7800,0.2,0.0,0.2
2025-08-15,2025-08-15 09:39:59.000,MO2508-C-7800,0.2,0.0,0.2
2025-08-15,2025-08-15 09:40:00.000,MO2508-C-7800,0.2,0.0,0.2
2025-08-15,2025-08-15 09:40:01.000,MO2508-C-7800,0.2,0.0,0.2
2025-08-15,2025-08-15 09:40:02.000,MO2508-C-7800,0.2,0.0,0.2
2025-08-15,2025-08-15 09:40:03.000,MO2508-C-7800,0.2,0.0,0.2
2025-08-15,2025-08-15 09:40:04.500,MO2508-C-7800,0.2,0.0,0.2
2025-08-15,2025-08-15 09:40:05.000,MO2508-C-7800,0.2,0.0,0.2
2025-08-15,2025-08-15 09:40:06.500,MO2508-C-7800,0.2,0.0,0.2
2025-08-15,2025-08-15 09:40:07.500,MO2508-C-7800,0.2,0.0,0.2
2025-08-15,2025-08-15 09:40:13.000,MO2508-C-7800,0.2,0.0,0.2
2025-08-15,2025-08-15 09:40:13.500,MO2508-C-7800,0.2,0.0,0.2
2025-08-15,2025-08-15 09:40:16.000,MO2508-C-7800,0.2,0.0,0.2
2025-08-15,2025-08-15 09:40:16.500,MO2508-C-7800,0.2,0.0,0.2
2025-08-15,2025-08-15 09:40:17.000,MO2508-C-7800,0.2,0.0,0.2
2025-08-15,2025-08-15 09:40:24.000,MO2508-C-7800,0.2,0.0,0.2
2025-08-15,2025-08-15 09:40:25.000,MO2508-C-7800,0.2,0.0,0.2
2025-08-15,2025-08-15 09:40:26.000,MO2508-C-7800,0.2,0.0,0.2
2025-08-15,2025-08-15 09:40:26.500,MO2508-C-7800,0.2,0.0,0.2
2025-08-15,2025-08-15 09:40:42.000,MO2508-C-7800,0.2,0.0,0.2
2025-08-15,2025-08-15 09:40:42.500,MO2508-C-7800,0.2,0.0,0.2
2025-08-15,2025-08-15 09:40:43.500,MO2508-C-7800,0.2,0.0,0.2
2025-08-15,2025-08-15 09:40:44.000,MO2508-C-7800,0.2,0.0,0.2
2025-08-15,2025-08-15 09:40:45.500,MO2508-C-7800,0.2,0.0,0.2
2025-08-15,2025-08-15 09:40:46.000,MO2508-C-7800,0.2,0.0,0.2
2025-08-15,2025-08-15 09:40:49.000,MO2508-C-7800,0.2,0.0,0.2
2025-08-15,2025-08-15 09:40:49.500,MO2508-C-7800,0.2,0.0,0.2
2025-08-15,2025-08-15 09:40:59.500,MO2508-C-7800,0.2,0.0,0.2
2025-08-15,2025-08-15 09:41:26.500,MO2508-C-7800,0.2,0.0,0.2
2025-08-15,2025-08-15 09:41:28.000,MO2508-C-7800,0.2,0.0,0.2
2025-08-15,2025-08-15 09:41:29.000,MO2508-C-7800,0.2,0.0,0.2
2025-08-15,2025-08-15 09:41:30.500,MO2508-C-7800,0.2,0.0,0.2
2025-08-15,2025-08-15 09:41:31.000,MO2508-C-7800,0.2,0.0,0.2
2025-08-15,2025-08-15 09:41:31.500,MO2508-C-7800,0.2,0.0,0.2
2025-08-15,2025-08-15 09:41:32.000,MO2508-C-7800,0.2,0.0,0.2
2025-08-15,2025-08-15 09:41:33.000,MO2508-C-7800,0.2,0.0,0.2
2025-08-15,2025-08-15 09:41:33.500,MO2508-C-7800,0.2,0.0,0.2
2025-08-15,2025-08-15 09:41:34.000,MO2508-C-7800,0.2,0.0,0.2
2025-08-15,2025-08-15 09:41:34.500,MO2508-C-7800,0.2,0.0,0.2
2025-08-15,2025-08-15 09:41:36.000,MO2508-C-7800,0.2,0.0,0.2
2025-08-15,2025-08-15 09:41:38.500,MO2508-C-7800,0.2,0.0,0.2
2025-08-15,2025-08-15 09:41:40.000,MO2508-C-7800,0.2,0.0,0.2
2025-08-15,2025-08-15 09:41:42.000,MO2508-C-7800,0.2,0.0,0.2
2025-08-15,2025-08-15 09:41:42.500,MO2508-C-7800,0.2,0.0,0.2
2025-08-15,2025-08-15 09:41:44.000,MO2508-C-7800,0.2,0.0,0.2
2025-08-15,2025-08-15 09:41:53.000,MO2508-C-7800,0.2,0.0,0.2
2025-08-15,2025-08-15 09:41:53.500,MO2508-C-7800,0.2,0.0,0.2
2025-08-15,2025-08-15 09:41:54.000,MO2508-C-7800,0.2,0.0,0.2
2025-08-15,2025-08-15 09:41:54.500,MO2508-C-7800,0.2,0.0,0.2
2025-08-15,2025-08-15 09:41:57.000,MO2508-C-7800,0.2,0.0,0.2
2025-08-15,2025-08-15 09:41:57.500,MO2508-C-7800,0.2,0.0,0.2
2025-08-15,2025-08-15 09:41:59.500,MO2508-C-7800,0.2,0.0,0.2
2025-08-15,2025-08-15 09:42:03.000,MO2508-C-7800,0.2,0.0,0.2
2025-08-15,2025-08-15 09:42:04.000,MO2508-C-7800,0.2,0.0,0.2
2025-08-15,2025-08-15 09:42:13.000,MO2508-C-7800,0.2,0.0,0.2
2025-08-15,2025-08-15 09:42:14.000,MO2508-C-7800,0.2,0.0,0.2
2025-08-15,2025-08-15 09:42:15.000,MO2508-C-7800,0.2,0.0,0.2
2025-08-15,2025-08-15 09:42:19.500,MO2508-C-7800,0.2,0.0,0.2
2025-08-15,2025-08-15 09:42:20.000,MO2508-C-7800,0.2,0.0,0.2
2025-08-15,2025-08-15 09:42:40.000,MO2508-C-7800,0.2,0.0,0.2
2025-08-15,2025-08-15 09:42:41.500,MO2508-C-7800,0.2,0.0,0.2
2025-08-15,2025-08-15 09:43:04.000,MO2508-C-7800,0.2,0.0,0.2
2025-08-15,2025-08-15 09:43:04.500,MO2508-C-7800,0.2,0.0,0.2
2025-08-15,2025-08-15 09:43:41.500,MO2508-C-7800,0.2,0.0,0.2
2025-08-15,2025-08-15 09:43:42.000,MO2508-C-7800,0.2,0.0,0.2
2025-08-15,2025-08-15 09:44:02.500,MO2508-C-7800,0.2,0.0,0.2
2025-08-15,2025-08-15 09:44:03.000,MO2508-C-7800,0.2,0.0,0.2
2025-08-15,2025-08-15 09:44:13.000,MO2508-C-7800,0.2,0.0,0.2
2025-08-15,2025-08-15 09:44:14.000,MO2508-C-7800,0.2,0.0,0.2
2025-08-15,2025-08-15 09:44:15.500,MO2508-C-7800,0.2,0.0,0.2
2025-08-15,2025-08-15 09:44:16.000,MO2508-C-7800,0.2,0.0,0.2
2025-08-15,2025-08-15 09:44:16.500,MO2508-C-7800,0.2,0.0,0.2
2025-08-15,2025-08-15 09:44:17.500,MO2508-C-7800,0.2,0.0,0.2
2025-08-15,2025-08-15 09:44:24.500,MO2508-C-7800,0.2,0.0,0.2
2025-08-15,2025-08-15 09:44:26.000,MO2508-C-7800,0.2,0.0,0.2
2025-08-15,2025-08-15 09:44:26.500,MO2508-C-7800,0.2,0.0,0.2
2025-08-15,2025-08-15 09:44:28.000,MO2508-C-7800,0.2,0.0,0.2
2025-08-15,2025-08-15 09:44:29.500,MO2508-C-7800,0.2,0.0,0.2
2025-08-15,2025-08-15 09:44:30.500,MO2508-C-7800,0.2,0.0,0.2
2025-08-15,2025-08-15 09:44:36.500,MO2508-C-7800,0.2,0.0,0.2
2025-08-15,2025-08-15 09:44:37.500,MO2508-C-7800,0.2,0.0,0.2
2025-08-15,2025-08-15 09:44:38.500,MO2508-C-7800,0.2,0.0,0.2
2025-08-15,2025-08-15 09:44:39.000,MO2508-C-7800,0.2,0.0,0.2
2025-08-15,2025-08-15 09:44:50.000,MO2508-C-7800,0.2,0.0,0.2
2025-08-15,2025-08-15 09:44:57.000,MO2508-C-7800,0.2,0.0,0.2
2025-08-15,2025-08-15 09:45:00.000,MO2508-C-7800,0.2,0.0,0.2
2025-08-15,2025-08-15 09:45:01.500,MO2508-C-7800,0.2,0.0,0.2
2025-08-15,2025-08-15 09:45:02.000,MO2508-C-7800,0.2,0.0,0.2
2025-08-15,2025-08-15 09:45:05.000,MO2508-C-7800,0.2,0.0,0.2
2025-08-15,2025-08-15 09:45:05.500,MO2508-C-7800,0.2,0.0,0.2
2025-08-15,2025-08-15 09:45:13.000,MO2508-C-7800,0.2,0.0,0.2
2025-08-15,2025-08-15 09:45:16.500,MO2508-C-7800,0.2,0.0,0.2
2025-08-15,2025-08-15 09:45:17.000,MO2508-C-7800,0.2,0.0,0.2
2025-08-15,2025-08-15 09:45:20.500,MO2508-C-7800,0.2,0.0,0.2
2025-08-15,2025-08-15 09:45:21.500,MO2508-C-7800,0.2,0.0,0.2
2025-08-15,2025-08-15 09:45:22.500,MO2508-C-7800,0.2,0.0,0.2
2025-08-15,2025-08-15 09:45:24.500,MO2508-C-7800,0.2,0.0,0.2
2025-08-15,2025-08-15 09:45:25.500,MO2508-C-7800,0.2,0.0,0.2
2025-08-15,2025-08-15 09:45:26.000,MO2508-C-7800,0.2,0.0,0.2
2025-08-15,2025-08-15 09:45:27.000,MO2508-C-7800,0.2,0.0,0.2
2025-08-15,2025-08-15 09:45:28.000,MO2508-C-7800,0.2,0.0,0.2
2025-08-15,2025-08-15 09:45:29.000,MO2508-C-7800,0.2,0.0,0.2
2025-08-15,2025-08-15 09:45:30.000,MO2508-C-7800,0.2,0.0,0.2
2025-08-15,2025-08-15 09:45:33.000,MO2508-C-7800,0.2,0.0,0.2
2025-08-15,2025-08-15 09:45:35.000,MO2508-C-7800,0.2,0.0,0.2
2025-08-15,2025-08-15 09:45:36.500,MO2508-C-7800,0.2,0.0,0.2
2025-08-15,2025-08-15 09:45:38.000,MO2508-C-7800,0.2,0.0,0.2
2025-08-15,2025-08-15 09:45:39.500,MO2508-C-7800,0.2,0.0,0.2
2025-08-15,2025-08-15 09:45:40.500,MO2508-C-7800,0.2,0.0,0.2
2025-08-15,2025-08-15 09:45:41.000,MO2508-C-7800,0.2,0.0,0.2
2025-08-15,2025-08-15 09:45:42.500,MO2508-C-7800,0.2,0.0,0.2
2025-08-15,2025-08-15 09:45:43.000,MO2508-C-7800,0.2,0.0,0.2
2025-08-15,2025-08-15 09:45:43.500,MO2508-C-7800,0.2,0.0,0.2
2025-08-15,2025-08-15 09:45:44.000,MO2508-C-7800,0.2,0.0,0.2
2025-08-15,2025-08-15 09:45:45.000,MO2508-C-7800,0.2,0.0,0.2
2025-08-15,2025-08-15 09:45:45.500,MO2508-C-7800,0.2,0.0,0.2
2025-08-15,2025-08-15 09:45:51.500,MO2508-C-7800,0.2,0.0,0.2
2025-08-15,2025-08-15 09:45:52.000,MO2508-C-7800,0.2,0.0,0.2
2025-08-15,2025-08-15 09:46:05.000,MO2508-C-7800,0.2,0.0,0.2
2025-08-15,2025-08-15 09:46:05.500,MO2508-C-7800,0.2,0.0,0.2
2025-08-15,2025-08-15 09:46:06.000,MO2508-C-7800,0.2,0.0,0.2
2025-08-15,2025-08-15 09:46:07.000,MO2508-C-7800,0.2,0.0,0.2
2025-08-15,2025-08-15 09:46:40.500,MO2508-C-7800,0.2,0.0,0.2
2025-08-15,2025-08-15 09:46:41.000,MO2508-C-7800,0.2,0.0,0.2
2025-08-15,2025-08-15 09:47:08.500,MO2508-C-7800,0.2,0.0,0.2
2025-08-15,2025-08-15 09:47:09.000,MO2508-C-7800,0.2,0.0,0.2
2025-08-15,2025-08-15 09:47:49.000,MO2508-C-7800,0.2,0.0,0.2
2025-08-15,2025-08-15 09:47:49.500,MO2508-C-7800,0.2,0.0,0.2
2025-08-15,2025-08-15 09:48:04.500,MO2508-C-7800,0.2,0.0,0.2
2025-08-15,2025-08-15 09:48:05.000,MO2508-C-7800,0.2,0.0,0.2
2025-08-15,2025-08-15 09:48:09.500,MO2508-C-7800,0.2,0.0,0.2
2025-08-15,2025-08-15 09:48:11.000,MO2508-C-7800,0.2,0.0,0.2
2025-08-15,2025-08-15 09:48:11.500,MO2508-C-7800,0.2,0.0,0.2
2025-08-15,2025-08-15 09:48:17.000,MO2508-C-7800,0.2,0.0,0.2
2025-08-15,2025-08-15 09:48:17.500,MO2508-C-7800,0.2,0.0,0.2
2025-08-15,2025-08-15 09:48:20.000,MO2508-C-7800,0.2,0.0,0.2
2025-08-15,2025-08-15 09:48:20.500,MO2508-C-7800,0.2,0.0,0.2
2025-08-15,2025-08-15 09:48:25.500,MO2508-C-7800,0.2,0.0,0.2
2025-08-15,2025-08-15 09:49:30.000,MO2508-C-7800,0.2,0.0,0.2
2025-08-15,2025-08-15 09:49:30.500,MO2508-C-7800,0.2,0.0,0.2
2025-08-15,2025-08-15 09:49:31.000,MO2508-C-7800,0.2,0.0,0.2
2025-08-15,2025-08-15 09:49:31.500,MO2508-C-7800,0.2,0.0,0.2
2025-08-15,2025-08-15 09:50:07.000,MO2508-C-7800,0.2,0.0,0.2
2025-08-15,2025-08-15 09:51:47.000,MO2508-C-7800,0.2,0.0,0.2
2025-08-15,2025-08-15 09:51:47.500,MO2508-C-7800,0.2,0.0,0.2
2025-08-15,2025-08-15 09:52:09.500,MO2508-C-7800,0.2,0.0,0.2
2025-08-15,2025-08-15 09:52:13.000,MO2508-C-7800,0.2,0.0,0.2
2025-08-15,2025-08-15 09:53:16.500,MO2508-C-7800,0.2,0.0,0.2
2025-08-15,2025-08-15 09:53:40.500,MO2508-C-7800,0.2,0.0,0.2
2025-08-15,2025-08-15 09:54:13.000,MO2508-C-7800,0.2,0.0,0.2
2025-08-15,2025-08-15 09:54:18.500,MO2508-C-7800,0.2,0.0,0.2
2025-08-15,2025-08-15 09:55:34.000,MO2508-C-7800,0.2,0.0,0.2
2025-08-15,2025-08-15 09:55:34.500,MO2508-C-7800,0.2,0.0,0.2
2025-08-15,2025-08-15 09:56:01.000,MO2508-C-7800,0.2,0.0,0.2
2025-08-15,2025-08-15 09:56:01.500,MO2508-C-7800,0.2,0.0,0.2
2025-08-15,2025-08-15 09:56:26.000,MO2508-C-7800,0.2,0.0,0.2
2025-08-15,2025-08-15 09:56:26.500,MO2508-C-7800,0.2,0.0,0.2
2025-08-15,2025-08-15 09:59:01.500,MO2508-C-7800,0.2,0.0,0.2
2025-08-15,2025-08-15 09:59:03.500,MO2508-C-7800,0.2,0.0,0.2
2025-08-15,2025-08-15 10:01:13.000,MO2508-C-7800,0.2,0.0,0.2
2025-08-15,2025-08-15 10:01:21.500,MO2508-C-7800,0.2,0.0,0.2
2025-08-15,2025-08-15 10:02:07.000,MO2508-C-7800,0.2,0.0,0.2
2025-08-15,2025-08-15 10:02:19.000,MO2508-C-7800,0.2,0.0,0.2
2025-08-15,2025-08-15 10:02:20.500,MO2508-C-7800,0.2,0.0,0.2
2025-08-15,2025-08-15 10:02:34.500,MO2508-C-7800,0.2,0.0,0.2
2025-08-15,2025-08-15 10:03:02.000,MO2508-C-7800,0.2,0.0,0.2
2025-08-15,2025-08-15 10:03:57.500,MO2508-C-7800,0.2,0.0,0.2
2025-08-15,2025-08-15 10:04:01.500,MO2508-C-7800,0.2,0.0,0.2
2025-08-15,2025-08-15 10:04:25.500,MO2508-C-7800,0.2,0.0,0.2
2025-08-15,2025-08-15 10:04:37.000,MO2508-C-7800,0.2,0.0,0.2
2025-08-15,2025-08-15 10:04:37.500,MO2508-C-7800,0.2,0.0,0.2
2025-08-15,2025-08-15 10:05:08.500,MO2508-C-7800,0.2,0.0,0.2
2025-08-15,2025-08-15 10:05:14.000,MO2508-C-7800,0.2,0.0,0.2
2025-08-15,2025-08-15 10:05:17.000,MO2508-C-7800,0.2,0.0,0.2
2025-08-15,2025-08-15 10:05:20.500,MO2508-C-7800,0.2,0.0,0.2
2025-08-15,2025-08-15 10:06:25.500,MO2508-C-7800,0.2,0.0,0.2
2025-08-15,2025-08-15 10:06:44.500,MO2508-C-7800,0.2,0.0,0.2
2025-08-15,2025-08-15 10:07:23.500,MO2508-C-7800,0.2,0.0,0.2
2025-08-15,2025-08-15 10:07:33.000,MO2508-C-7800,0.2,0.0,0.2
2025-08-15,2025-08-15 10:07:42.500,MO2508-C-7800,0.2,0.0,0.2
2025-08-15,2025-08-15 10:08:00.000,MO2508-C-7800,0.2,0.0,0.2
2025-08-15,2025-08-15 10:08:08.500,MO2508-C-7800,0.2,0.0,0.2
2025-08-15,2025-08-15 10:08:14.000,MO2508-C-7800,0.2,0.0,0.2
2025-08-15,2025-08-15 10:08:26.000,MO2508-C-7800,0.2,0.0,0.2
2025-08-15,2025-08-15 10:08:28.000,MO2508-C-7800,0.2,0.0,0.2
2025-08-15,2025-08-15 10:10:55.500,MO2508-C-7800,0.2,0.0,0.2
2025-08-15,2025-08-15 10:10:56.000,MO2508-C-7800,0.2,0.0,0.2
2025-08-15,2025-08-15 10:11:11.500,MO2508-C-7800,0.2,0.0,0.2
2025-08-15,2025-08-15 10:11:12.000,MO2508-C-7800,0.2,0.0,0.2
2025-08-15,2025-08-15 10:11:17.000,MO2508-C-7800,0.2,0.0,0.2
2025-08-15,2025-08-15 10:11:19.000,MO2508-C-7800,0.2,0.0,0.2
2025-08-15,2025-08-15 10:11:19.500,MO2508-C-7800,0.2,0.0,0.2
2025-08-15,2025-08-15 10:11:20.000,MO2508-C-7800,0.2,0.0,0.2
2025-08-15,2025-08-15 10:11:24.000,MO2508-C-7800,0.2,0.0,0.2
2025-08-15,2025-08-15 10:11:26.500,MO2508-C-7800,0.2,0.0,0.2
2025-08-15,2025-08-15 10:11:39.000,MO2508-C-7800,0.2,0.0,0.2
2025-08-15,2025-08-15 10:12:21.500,MO2508-C-7800,0.2,0.0,0.2
2025-08-15,2025-08-15 10:12:22.000,MO2508-C-7800,0.2,0.0,0.2
2025-08-15,2025-08-15 10:12:23.000,MO2508-C-7800,0.2,0.0,0.2
2025-08-15,2025-08-15 10:12:23.500,MO2508-C-7800,0.2,0.0,0.2
2025-08-15,2025-08-15 10:12:35.500,MO2508-C-7800,0.2,0.0,0.2
2025-08-15,2025-08-15 10:12:36.000,MO2508-C-7800,0.2,0.0,0.2
2025-08-15,2025-08-15 10:12:36.500,MO2508-C-7800,0.2,0.0,0.2
2025-08-15,2025-08-15 10:12:43.500,MO2508-C-7800,0.2,0.0,0.2
2025-08-15,2025-08-15 10:12:44.000,MO2508-C-7800,0.2,0.0,0.2
2025-08-15,2025-08-15 10:12:47.000,MO2508-C-7800,0.2,0.0,0.2
2025-08-15,2025-08-15 10:13:04.500,MO2508-C-7800,0.2,0.0,0.2
2025-08-15,2025-08-15 10:13:05.000,MO2508-C-7800,0.2,0.0,0.2
2025-08-15,2025-08-15 10:13:12.500,MO2508-C-7800,0.2,0.0,0.2
2025-08-15,2025-08-15 10:13:13.000,MO2508-C-7800,0.2,0.0,0.2
2025-08-15,2025-08-15 10:13:48.000,MO2508-C-7800,0.2,0.0,0.2
2025-08-15,2025-08-15 10:13:53.000,MO2508-C-7800,0.2,0.0,0.2
2025-08-15,2025-08-15 10:13:53.500,MO2508-C-7800,0.2,0.0,0.2
2025-08-15,2025-08-15 10:13:54.500,MO2508-C-7800,0.2,0.0,0.2
2025-08-15,2025-08-15 10:13:55.000,MO2508-C-7800,0.2,0.0,0.2
2025-08-15,2025-08-15 10:13:57.000,MO2508-C-7800,0.2,0.0,0.2
2025-08-15,2025-08-15 10:13:57.500,MO2508-C-7800,0.2,0.0,0.2
2025-08-15,2025-08-15 10:14:02.500,MO2508-C-7800,0.2,0.0,0.2
2025-08-15,2025-08-15 10:14:03.000,MO2508-C-7800,0.2,0.0,0.2
2025-08-15,2025-08-15 10:14:04.500,MO2508-C-7800,0.2,0.0,0.2
2025-08-15,2025-08-15 10:14:16.000,MO2508-C-7800,0.2,0.0,0.2
2025-08-15,2025-08-15 10:14:38.000,MO2508-C-7800,0.2,0.0,0.2
2025-08-15,2025-08-15 10:14:58.500,MO2508-C-7800,0.2,0.0,0.2
2025-08-15,2025-08-15 10:15:51.500,MO2508-C-7800,0.2,0.0,0.2
2025-08-15,2025-08-15 10:15:52.000,MO2508-C-7800,0.2,0.0,0.2
2025-08-15,2025-08-15 10:16:20.500,MO2508-C-7800,0.2,0.0,0.2
2025-08-15,2025-08-15 10:16:34.500,MO2508-C-7800,0.2,0.0,0.2
2025-08-15,2025-08-15 10:18:05.500,MO2508-C-7800,0.2,0.0,0.2
2025-08-15,2025-08-15 10:18:06.000,MO2508-C-7800,0.2,0.0,0.2
2025-08-15,2025-08-15 10:21:45.500,MO2508-C-7800,0.2,0.0,0.2
2025-08-15,2025-08-15 10:23:32.000,MO2508-C-7800,0.2,0.0,0.2
2025-08-15,2025-08-15 10:23:32.500,MO2508-C-7800,0.2,0.0,0.2
2025-08-15,2025-08-15 10:26:04.000,MO2508-C-7800,0.2,0.0,0.2
2025-08-15,2025-08-15 10:26:04.500,MO2508-C-7800,0.2,0.0,0.2
2025-08-15,2025-08-15 10:28:09.500,MO2508-C-7800,0.2,0.0,0.2
2025-08-15,2025-08-15 10:28:10.000,MO2508-C-7800,0.2,0.0,0.2
2025-08-15,2025-08-15 10:28:16.500,MO2508-C-7800,0.2,0.0,0.2
2025-08-15,2025-08-15 10:28:17.000,MO2508-C-7800,0.2,0.0,0.2
2025-08-15,2025-08-15 10:28:21.500,MO2508-C-7800,0.2,0.0,0.2
2025-08-15,2025-08-15 10:28:22.500,MO2508-C-7800,0.2,0.0,0.2
2025-08-15,2025-08-15 10:28:24.000,MO2508-C-7800,0.2,0.0,0.2
2025-08-15,2025-08-15 10:28:25.000,MO2508-C-7800,0.2,0.0,0.2
2025-08-15,2025-08-15 10:28:25.500,MO2508-C-7800,0.2,0.0,0.2
2025-08-15,2025-08-15 10:28:27.500,MO2508-C-7800,0.2,0.0,0.2
2025-08-15,2025-08-15 10:28:28.000,MO2508-C-7800,0.2,0.0,0.2
2025-08-15,2025-08-15 10:28:28.500,MO2508-C-7800,0.2,0.0,0.2
2025-08-15,2025-08-15 10:31:26.500,MO2508-C-7800,0.2,0.0,0.2
2025-08-15,2025-08-15 10:31:49.000,MO2508-C-7800,0.2,0.0,0.2
2025-08-15,2025-08-15 10:33:14.000,MO2508-C-7800,0.2,0.0,0.2
2025-08-15,2025-08-15 10:33:14.500,MO2508-C-7800,0.2,0.0,0.2
2025-08-15,2025-08-15 10:33:58.000,MO2508-C-7800,0.2,0.0,0.2
2025-08-15,2025-08-15 10:33:58.500,MO2508-C-7800,0.2,0.0,0.2
2025-08-15,2025-08-15 10:34:13.000,MO2508-C-7800,0.2,0.0,0.2
2025-08-15,2025-08-15 10:34:21.500,MO2508-C-7800,0.2,0.0,0.2
2025-08-15,2025-08-15 10:34:37.500,MO2508-C-7800,0.2,0.0,0.2
2025-08-15,2025-08-15 10:34:38.000,MO2508-C-7800,0.2,0.0,0.2
2025-08-15,2025-08-15 10:34:39.500,MO2508-C-7800,0.2,0.0,0.2
2025-08-15,2025-08-15 10:34:40.000,MO2508-C-7800,0.2,0.0,0.2
2025-08-15,2025-08-15 10:35:26.500,MO2508-C-7800,0.2,0.0,0.2
2025-08-15,2025-08-15 10:35:27.000,MO2508-C-7800,0.2,0.0,0.2
2025-08-15,2025-08-15 10:35:44.500,MO2508-C-7800,0.2,0.0,0.2
2025-08-15,2025-08-15 10:35:45.000,MO2508-C-7800,0.2,0.0,0.2
2025-08-15,2025-08-15 10:35:57.000,MO2508-C-7800,0.2,0.0,0.2
2025-08-15,2025-08-15 10:35:57.500,MO2508-C-7800,0.2,0.0,0.2
2025-08-15,2025-08-15 10:36:05.000,MO2508-C-7800,0.2,0.0,0.2
2025-08-15,2025-08-15 10:36:05.500,MO2508-C-7800,0.2,0.0,0.2
2025-08-15,2025-08-15 10:36:12.500,MO2508-C-7800,0.2,0.0,0.2
2025-08-15,2025-08-15 10:36:13.000,MO2508-C-7800,0.2,0.0,0.2
2025-08-15,2025-08-15 10:38:30.500,MO2508-C-7800,0.2,0.0,0.2
2025-08-15,2025-08-15 10:38:31.000,MO2508-C-7800,0.2,0.0,0.2
2025-08-15,2025-08-15 10:38:46.000,MO2508-C-7800,0.2,0.0,0.2
2025-08-15,2025-08-15 10:38:46.500,MO2508-C-7800,0.2,0.0,0.2
2025-08-15,2025-08-15 10:39:01.500,MO2508-C-7800,0.2,0.0,0.2
2025-08-15,2025-08-15 10:39:02.000,MO2508-C-7800,0.2,0.0,0.2
2025-08-15,2025-08-15 10:39:13.500,MO2508-C-7800,0.2,0.0,0.2
2025-08-15,2025-08-15 10:39:14.000,MO2508-C-7800,0.2,0.0,0.2
2025-08-15,2025-08-15 10:39:29.000,MO2508-C-7800,0.2,0.0,0.2
2025-08-15,2025-08-15 10:39:29.500,MO2508-C-7800,0.2,0.0,0.2
2025-08-15,2025-08-15 10:39:32.500,MO2508-C-7800,0.2,0.0,0.2
2025-08-15,2025-08-15 10:39:33.000,MO2508-C-7800,0.2,0.0,0.2
2025-08-15,2025-08-15 10:39:47.000,MO2508-C-7800,0.2,0.0,0.2
2025-08-15,2025-08-15 10:39:47.500,MO2508-C-7800,0.2,0.0,0.2
2025-08-15,2025-08-15 10:39:51.000,MO2508-C-7800,0.2,0.0,0.2
2025-08-15,2025-08-15 10:39:53.000,MO2508-C-7800,0.2,0.0,0.2
2025-08-15,2025-08-15 10:39:53.500,MO2508-C-7800,0.2,0.0,0.2
2025-08-15,2025-08-15 10:39:54.000,MO2508-C-7800,0.2,0.0,0.2
2025-08-15,2025-08-15 10:39:54.500,MO2508-C-7800,0.2,0.0,0.2
2025-08-15,2025-08-15 10:39:55.500,MO2508-C-7800,0.2,0.0,0.2
2025-08-15,2025-08-15 10:39:58.000,MO2508-C-7800,0.2,0.0,0.2
2025-08-15,2025-08-15 10:39:59.000,MO2508-C-7800,0.2,0.0,0.2
2025-08-15,2025-08-15 10:40:02.000,MO2508-C-7800,0.2,0.0,0.2
2025-08-15,2025-08-15 10:40:02.500,MO2508-C-7800,0.2,0.0,0.2
2025-08-15,2025-08-15 10:40:04.000,MO2508-C-7800,0.2,0.0,0.2
2025-08-15,2025-08-15 10:40:16.000,MO2508-C-7800,0.2,0.0,0.2
2025-08-15,2025-08-15 10:40:16.500,MO2508-C-7800,0.2,0.0,0.2
2025-08-15,2025-08-15 10:40:32.000,MO2508-C-7800,0.2,0.0,0.2
2025-08-15,2025-08-15 10:40:32.500,MO2508-C-7800,0.2,0.0,0.2
2025-08-15,2025-08-15 10:40:49.500,MO2508-C-7800,0.2,0.0,0.2
2025-08-15,2025-08-15 10:40:50.000,MO2508-C-7800,0.2,0.0,0.2
2025-08-15,2025-08-15 10:40:54.000,MO2508-C-7800,0.2,0.0,0.2
2025-08-15,2025-08-15 10:40:54.500,MO2508-C-7800,0.2,0.0,0.2
2025-08-15,2025-08-15 10:41:21.500,MO2508-C-7800,0.2,0.0,0.2
2025-08-15,2025-08-15 10:41:23.000,MO2508-C-7800,0.2,0.0,0.2
2025-08-15,2025-08-15 10:41:23.500,MO2508-C-7800,0.2,0.0,0.2
2025-08-15,2025-08-15 10:41:29.500,MO2508-C-7800,0.2,0.0,0.2
2025-08-15,2025-08-15 10:41:30.000,MO2508-C-7800,0.2,0.0,0.2
2025-08-15,2025-08-15 10:41:40.500,MO2508-C-7800,0.2,0.0,0.2
2025-08-15,2025-08-15 10:41:41.000,MO2508-C-7800,0.2,0.0,0.2
2025-08-15,2025-08-15 10:41:43.500,MO2508-C-7800,0.2,0.0,0.2
2025-08-15,2025-08-15 10:41:45.500,MO2508-C-7800,0.2,0.0,0.2
2025-08-15,2025-08-15 10:41:47.000,MO2508-C-7800,0.2,0.0,0.2
2025-08-15,2025-08-15 10:41:48.000,MO2508-C-7800,0.2,0.0,0.2
2025-08-15,2025-08-15 10:41:48.500,MO2508-C-7800,0.2,0.0,0.2
2025-08-15,2025-08-15 10:41:49.000,MO2508-C-7800,0.2,0.0,0.2
2025-08-15,2025-08-15 10:41:55.500,MO2508-C-7800,0.2,0.0,0.2
2025-08-15,2025-08-15 10:42:12.000,MO2508-C-7800,0.2,0.0,0.2
2025-08-15,2025-08-15 10:42:12.500,MO2508-C-7800,0.2,0.0,0.2
2025-08-15,2025-08-15 10:42:31.000,MO2508-C-7800,0.2,0.0,0.2
2025-08-15,2025-08-15 10:42:33.000,MO2508-C-7800,0.2,0.0,0.2
2025-08-15,2025-08-15 10:42:36.500,MO2508-C-7800,0.2,0.0,0.2
2025-08-15,2025-08-15 10:42:37.000,MO2508-C-7800,0.2,0.0,0.2
2025-08-15,2025-08-15 10:42:40.000,MO2508-C-7800,0.2,0.0,0.2
2025-08-15,2025-08-15 10:42:42.000,MO2508-C-7800,0.2,0.0,0.2
2025-08-15,2025-08-15 10:42:51.500,MO2508-C-7800,0.2,0.0,0.2
2025-08-15,2025-08-15 10:42:52.000,MO2508-C-7800,0.2,0.0,0.2
2025-08-15,2025-08-15 10:43:00.500,MO2508-C-7800,0.2,0.0,0.2
2025-08-15,2025-08-15 10:43:01.000,MO2508-C-7800,0.2,0.0,0.2
2025-08-15,2025-08-15 10:43:23.500,MO2508-C-7800,0.2,0.0,0.2
2025-08-15,2025-08-15 10:43:24.000,MO2508-C-7800,0.2,0.0,0.2
2025-08-15,2025-08-15 10:44:20.500,MO2508-C-7800,0.2,0.0,0.2
2025-08-15,2025-08-15 10:44:21.000,MO2508-C-7800,0.2,0.0,0.2
2025-08-15,2025-08-15 10:44:23.500,MO2508-C-7800,0.2,0.0,0.2
2025-08-15,2025-08-15 10:44:24.000,MO2508-C-7800,0.2,0.0,0.2
2025-08-15,2025-08-15 10:44:40.000,MO2508-C-7800,0.2,0.0,0.2
2025-08-15,2025-08-15 10:44:40.500,MO2508-C-7800,0.2,0.0,0.2
2025-08-15,2025-08-15 10:44:45.000,MO2508-C-7800,0.2,0.0,0.2
2025-08-15,2025-08-15 10:44:46.000,MO2508-C-7800,0.2,0.0,0.2
2025-08-15,2025-08-15 10:44:52.000,MO2508-C-7800,0.2,0.0,0.2
2025-08-15,2025-08-15 10:44:53.000,MO2508-C-7800,0.2,0.0,0.2
2025-08-15,2025-08-15 10:44:55.500,MO2508-C-7800,0.2,0.0,0.2
2025-08-15,2025-08-15 10:44:56.500,MO2508-C-7800,0.2,0.0,0.2
2025-08-15,2025-08-15 10:44:59.000,MO2508-C-7800,0.2,0.0,0.2
2025-08-15,2025-08-15 10:44:59.500,MO2508-C-7800,0.2,0.0,0.2
2025-08-15,2025-08-15 10:45:10.500,MO2508-C-7800,0.2,0.0,0.2
2025-08-15,2025-08-15 10:45:11.000,MO2508-C-7800,0.2,0.0,0.2
2025-08-15,2025-08-15 10:45:11.500,MO2508-C-7800,0.2,0.0,0.2
2025-08-15,2025-08-15 10:45:12.000,MO2508-C-7800,0.2,0.0,0.2
2025-08-15,2025-08-15 10:45:16.000,MO2508-C-7800,0.2,0.0,0.2
2025-08-15,2025-08-15 10:45:16.500,MO2508-C-7800,0.2,0.0,0.2
2025-08-15,2025-08-15 10:46:10.000,MO2508-C-7800,0.2,0.0,0.2
2025-08-15,2025-08-15 10:46:10.500,MO2508-C-7800,0.2,0.0,0.2
2025-08-15,2025-08-15 10:46:24.500,MO2508-C-7800,0.2,0.0,0.2
2025-08-15,2025-08-15 10:46:25.000,MO2508-C-7800,0.2,0.0,0.2
2025-08-15,2025-08-15 10:46:36.500,MO2508-C-7800,0.2,0.0,0.2
2025-08-15,2025-08-15 10:46:43.500,MO2508-C-7800,0.2,0.0,0.2
2025-08-15,2025-08-15 10:46:44.500,MO2508-C-7800,0.2,0.0,0.2
2025-08-15,2025-08-15 10:46:45.500,MO2508-C-7800,0.2,0.0,0.2
2025-08-15,2025-08-15 10:46:47.000,MO2508-C-7800,0.2,0.0,0.2
2025-08-15,2025-08-15 10:46:47.500,MO2508-C-7800,0.2,0.0,0.2
2025-08-15,2025-08-15 10:46:49.500,MO2508-C-7800,0.2,0.0,0.2
2025-08-15,2025-08-15 10:46:50.000,MO2508-C-7800,0.2,0.0,0.2
2025-08-15,2025-08-15 10:46:52.000,MO2508-C-7800,0.2,0.0,0.2
2025-08-15,2025-08-15 10:46:57.500,MO2508-C-7800,0.2,0.0,0.2
2025-08-15,2025-08-15 10:46:59.500,MO2508-C-7800,0.2,0.0,0.2
2025-08-15,2025-08-15 10:47:01.500,MO2508-C-7800,0.2,0.0,0.2
2025-08-15,2025-08-15 10:47:02.000,MO2508-C-7800,0.2,0.0,0.2
2025-08-15,2025-08-15 10:47:06.500,MO2508-C-7800,0.2,0.0,0.2
2025-08-15,2025-08-15 10:47:07.000,MO2508-C-7800,0.2,0.0,0.2
2025-08-15,2025-08-15 10:47:12.500,MO2508-C-7800,0.2,0.0,0.2
2025-08-15,2025-08-15 10:47:13.000,MO2508-C-7800,0.2,0.0,0.2
2025-08-15,2025-08-15 10:47:21.000,MO2508-C-7800,0.2,0.0,0.2
2025-08-15,2025-08-15 10:47:21.500,MO2508-C-7800,0.2,0.0,0.2
2025-08-15,2025-08-15 10:47:40.500,MO2508-C-7800,0.2,0.0,0.2
2025-08-15,2025-08-15 10:47:41.000,MO2508-C-7800,0.2,0.0,0.2
2025-08-15,2025-08-15 10:48:00.000,MO2508-C-7800,0.2,0.0,0.2
2025-08-15,2025-08-15 10:48:00.500,MO2508-C-7800,0.2,0.0,0.2
2025-08-15,2025-08-15 10:48:03.500,MO2508-C-7800,0.2,0.0,0.2
2025-08-15,2025-08-15 10:48:04.500,MO2508-C-7800,0.2,0.0,0.2
2025-08-15,2025-08-15 10:48:39.500,MO2508-C-7800,0.2,0.0,0.2
2025-08-15,2025-08-15 10:48:41.000,MO2508-C-7800,0.2,0.0,0.2
2025-08-15,2025-08-15 10:48:54.000,MO2508-C-7800,0.2,0.0,0.2
2025-08-15,2025-08-15 10:48:54.500,MO2508-C-7800,0.2,0.0,0.2
2025-08-15,2025-08-15 10:48:58.500,MO2508-C-7800,0.2,0.0,0.2
2025-08-15,2025-08-15 10:48:59.000,MO2508-C-7800,0.2,0.0,0.2
2025-08-15,2025-08-15 10:49:01.500,MO2508-C-7800,0.2,0.0,0.2
2025-08-15,2025-08-15 10:49:02.000,MO2508-C-7800,0.2,0.0,0.2
2025-08-15,2025-08-15 10:49:05.500,MO2508-C-7800,0.2,0.0,0.2
2025-08-15,2025-08-15 10:49:06.000,MO2508-C-7800,0.2,0.0,0.2
2025-08-15,2025-08-15 10:49:09.500,MO2508-C-7800,0.2,0.0,0.2
2025-08-15,2025-08-15 10:49:10.000,MO2508-C-7800,0.2,0.0,0.2
2025-08-15,2025-08-15 10:49:43.000,MO2508-C-7800,0.2,0.0,0.2
2025-08-15,2025-08-15 10:49:43.500,MO2508-C-7800,0.2,0.0,0.2
2025-08-15,2025-08-15 10:50:18.500,MO2508-C-7800,0.2,0.0,0.2
2025-08-15,2025-08-15 10:50:20.000,MO2508-C-7800,0.2,0.0,0.2
2025-08-15,2025-08-15 10:50:22.500,MO2508-C-7800,0.2,0.0,0.2
2025-08-15,2025-08-15 10:50:24.000,MO2508-C-7800,0.2,0.0,0.2
2025-08-15,2025-08-15 10:50:36.000,MO2508-C-7800,0.2,0.0,0.2
2025-08-15,2025-08-15 10:50:36.500,MO2508-C-7800,0.2,0.0,0.2
2025-08-15,2025-08-15 10:50:43.000,MO2508-C-7800,0.2,0.0,0.2
2025-08-15,2025-08-15 10:50:44.000,MO2508-C-7800,0.2,0.0,0.2
2025-08-15,2025-08-15 10:50:45.000,MO2508-C-7800,0.2,0.0,0.2
2025-08-15,2025-08-15 10:50:46.000,MO2508-C-7800,0.2,0.0,0.2
2025-08-15,2025-08-15 10:51:28.000,MO2508-C-7800,0.2,0.0,0.2
2025-08-15,2025-08-15 10:51:32.000,MO2508-C-7800,0.2,0.0,0.2
2025-08-15,2025-08-15 10:52:13.500,MO2508-C-7800,0.2,0.0,0.2
2025-08-15,2025-08-15 10:52:16.000,MO2508-C-7800,0.2,0.0,0.2
2025-08-15,2025-08-15 10:52:28.000,MO2508-C-7800,0.2,0.0,0.2
2025-08-15,2025-08-15 10:52:32.000,MO2508-C-7800,0.2,0.0,0.2
2025-08-15,2025-08-15 10:53:46.000,MO2508-C-7800,0.2,0.0,0.2
2025-08-15,2025-08-15 10:53:46.500,MO2508-C-7800,0.2,0.0,0.2
2025-08-15,2025-08-15 10:53:50.500,MO2508-C-7800,0.2,0.0,0.2
2025-08-15,2025-08-15 10:53:51.000,MO2508-C-7800,0.2,0.0,0.2
2025-08-15,2025-08-15 10:54:03.000,MO2508-C-7800,0.2,0.0,0.2
2025-08-15,2025-08-15 10:54:05.000,MO2508-C-7800,0.2,0.0,0.2
2025-08-15,2025-08-15 10:54:26.500,MO2508-C-7800,0.2,0.0,0.2
2025-08-15,2025-08-15 10:54:27.000,MO2508-C-7800,0.2,0.0,0.2
2025-08-15,2025-08-15 10:54:27.500,MO2508-C-7800,0.2,0.0,0.2
2025-08-15,2025-08-15 10:54:28.000,MO2508-C-7800,0.2,0.0,0.2
2025-08-15,2025-08-15 10:54:28.500,MO2508-C-7800,0.2,0.0,0.2
2025-08-15,2025-08-15 10:54:29.000,MO2508-C-7800,0.2,0.0,0.2
2025-08-15,2025-08-15 10:54:31.500,MO2508-C-7800,0.2,0.0,0.2
2025-08-15,2025-08-15 10:54:32.000,MO2508-C-7800,0.2,0.0,0.2
2025-08-15,2025-08-15 10:54:33.500,MO2508-C-7800,0.2,0.0,0.2
2025-08-15,2025-08-15 10:54:34.500,MO2508-C-7800,0.2,0.0,0.2
2025-08-15,2025-08-15 10:54:35.500,MO2508-C-7800,0.2,0.0,0.2
2025-08-15,2025-08-15 10:54:36.000,MO2508-C-7800,0.2,0.0,0.2
2025-08-15,2025-08-15 10:54:47.500,MO2508-C-7800,0.2,0.0,0.2
2025-08-15,2025-08-15 10:54:48.000,MO2508-C-7800,0.2,0.0,0.2
2025-08-15,2025-08-15 10:55:03.000,MO2508-C-7800,0.2,0.0,0.2
2025-08-15,2025-08-15 10:55:03.500,MO2508-C-7800,0.2,0.0,0.2
2025-08-15,2025-08-15 10:55:13.000,MO2508-C-7800,0.2,0.0,0.2
2025-08-15,2025-08-15 10:55:13.500,MO2508-C-7800,0.2,0.0,0.2
2025-08-15,2025-08-15 10:55:43.000,MO2508-C-7800,0.2,0.0,0.2
2025-08-15,2025-08-15 10:55:44.500,MO2508-C-7800,0.2,0.0,0.2
2025-08-15,2025-08-15 10:55:51.000,MO2508-C-7800,0.2,0.0,0.2
2025-08-15,2025-08-15 10:55:51.500,MO2508-C-7800,0.2,0.0,0.2
2025-08-15,2025-08-15 10:56:00.500,MO2508-C-7800,0.2,0.0,0.2
2025-08-15,2025-08-15 10:56:01.000,MO2508-C-7800,0.2,0.0,0.2
2025-08-15,2025-08-15 10:56:03.000,MO2508-C-7800,0.2,0.0,0.2
2025-08-15,2025-08-15 10:56:03.500,MO2508-C-7800,0.2,0.0,0.2
2025-08-15,2025-08-15 10:56:07.000,MO2508-C-7800,0.2,0.0,0.2
2025-08-15,2025-08-15 10:56:07.500,MO2508-C-7800,0.2,0.0,0.2
2025-08-15,2025-08-15 10:56:08.000,MO2508-C-7800,0.2,0.0,0.2
2025-08-15,2025-08-15 10:56:10.500,MO2508-C-7800,0.2,0.0,0.2
2025-08-15,2025-08-15 10:56:11.000,MO2508-C-7800,0.2,0.0,0.2
2025-08-15,2025-08-15 10:56:13.500,MO2508-C-7800,0.2,0.0,0.2
2025-08-15,2025-08-15 10:56:16.500,MO2508-C-7800,0.2,0.0,0.2
2025-08-15,2025-08-15 10:56:17.000,MO2508-C-7800,0.2,0.0,0.2
2025-08-15,2025-08-15 10:56:20.000,MO2508-C-7800,0.2,0.0,0.2
2025-08-15,2025-08-15 10:56:20.500,MO2508-C-7800,0.2,0.0,0.2
2025-08-15,2025-08-15 10:56:27.500,MO2508-C-7800,0.2,0.0,0.2
2025-08-15,2025-08-15 10:56:29.000,MO2508-C-7800,0.2,0.0,0.2
2025-08-15,2025-08-15 10:56:31.000,MO2508-C-7800,0.2,0.0,0.2
2025-08-15,2025-08-15 10:56:32.000,MO2508-C-7800,0.2,0.0,0.2
2025-08-15,2025-08-15 10:59:10.000,MO2508-C-7800,0.2,0.0,0.2
2025-08-15,2025-08-15 10:59:11.000,MO2508-C-7800,0.2,0.0,0.2
2025-08-15,2025-08-15 10:59:19.000,MO2508-C-7800,0.2,0.0,0.2
2025-08-15,2025-08-15 10:59:22.000,MO2508-C-7800,0.2,0.0,0.2
2025-08-15,2025-08-15 10:59:50.000,MO2508-C-7800,0.2,0.0,0.2
2025-08-15,2025-08-15 10:59:50.500,MO2508-C-7800,0.2,0.0,0.2
2025-08-15,2025-08-15 11:01:38.000,MO2508-C-7800,0.2,0.0,0.2
2025-08-15,2025-08-15 11:01:45.500,MO2508-C-7800,0.2,0.0,0.2
2025-08-15,2025-08-15 11:06:42.500,MO2508-C-7800,0.2,0.0,0.2
2025-08-15,2025-08-15 11:06:46.500,MO2508-C-7800,0.2,0.0,0.2
2025-08-15,2025-08-15 11:07:03.000,MO2508-C-7800,0.2,0.0,0.2
2025-08-15,2025-08-15 11:07:09.500,MO2508-C-7800,0.2,0.0,0.2
2025-08-15,2025-08-15 11:07:39.000,MO2508-C-7800,0.2,0.0,0.2
2025-08-15,2025-08-15 11:07:47.000,MO2508-C-7800,0.2,0.0,0.2
2025-08-15,2025-08-15 11:12:48.500,MO2508-C-7800,0.2,0.0,0.2
2025-08-15,2025-08-15 11:12:52.000,MO2508-C-7800,0.2,0.0,0.2
2025-08-15,2025-08-15 11:18:16.000,MO2508-C-7800,0.2,0.0,0.2
2025-08-15,2025-08-15 11:18:16.500,MO2508-C-7800,0.2,0.0,0.2
2025-08-15,2025-08-15 11:18:43.000,MO2508-C-7800,0.2,0.0,0.2
2025-08-15,2025-08-15 11:18:48.500,MO2508-C-7800,0.2,0.0,0.2
2025-08-15,2025-08-15 11:18:49.500,MO2508-C-7800,0.2,0.0,0.2
2025-08-15,2025-08-15 11:18:50.000,MO2508-C-7800,0.2,0.0,0.2
2025-08-15,2025-08-15 11:20:27.000,MO2508-C-7800,0.2,0.0,0.2
2025-08-15,2025-08-15 11:20:27.500,MO2508-C-7800,0.2,0.0,0.2
2025-08-15,2025-08-15 11:20:33.500,MO2508-C-7800,0.2,0.0,0.2
2025-08-15,2025-08-15 11:20:34.000,MO2508-C-7800,0.2,0.0,0.2
2025-08-15,2025-08-15 11:20:35.500,MO2508-C-7800,0.2,0.0,0.2
2025-08-15,2025-08-15 11:20:36.000,MO2508-C-7800,0.2,0.0,0.2
2025-08-15,2025-08-15 11:20:40.500,MO2508-C-7800,0.2,0.0,0.2
2025-08-15,2025-08-15 11:22:33.000,MO2508-C-7800,0.2,0.0,0.2
2025-08-15,2025-08-15 11:22:33.500,MO2508-C-7800,0.2,0.0,0.2
2025-08-15,2025-08-15 11:23:17.500,MO2508-C-7800,0.2,0.0,0.2
2025-08-15,2025-08-15 11:23:18.000,MO2508-C-7800,0.2,0.0,0.2
2025-08-15,2025-08-15 11:23:53.500,MO2508-C-7800,0.2,0.0,0.2
2025-08-15,2025-08-15 11:23:54.000,MO2508-C-7800,0.2,0.0,0.2
2025-08-15,2025-08-15 11:24:04.500,MO2508-C-7800,0.2,0.0,0.2
2025-08-15,2025-08-15 11:24:05.500,MO2508-C-7800,0.2,0.0,0.2
2025-08-15,2025-08-15 11:24:12.000,MO2508-C-7800,0.2,0.0,0.2
2025-08-15,2025-08-15 11:24:12.500,MO2508-C-7800,0.2,0.0,0.2
2025-08-15,2025-08-15 11:24:29.500,MO2508-C-7800,0.2,0.0,0.2
2025-08-15,2025-08-15 11:24:31.000,MO2508-C-7800,0.2,0.0,0.2
2025-08-15,2025-08-15 11:25:06.000,MO2508-C-7800,0.2,0.0,0.2
2025-08-15,2025-08-15 11:25:47.500,MO2508-C-7800,0.2,0.0,0.2
2025-08-15,2025-08-15 11:26:31.000,MO2508-C-7800,0.2,0.0,0.2
2025-08-15,2025-08-15 11:26:32.500,MO2508-C-7800,0.2,0.0,0.2
2025-08-15,2025-08-15 11:27:06.500,MO2508-C-7800,0.2,0.0,0.2
2025-08-15,2025-08-15 11:27:07.000,MO2508-C-7800,0.2,0.0,0.2
2025-08-15,2025-08-15 11:27:59.000,MO2508-C-7800,0.2,0.0,0.2
2025-08-15,2025-08-15 11:28:00.000,MO2508-C-7800,0.2,0.0,0.2
2025-08-15,2025-08-15 11:28:32.000,MO2508-C-7800,0.2,0.0,0.2
2025-08-15,2025-08-15 11:28:33.000,MO2508-C-7800,0.2,0.0,0.2
2025-08-15,2025-08-15 11:29:20.500,MO2508-C-7800,0.2,0.0,0.2
2025-08-15,2025-08-15 11:29:30.500,MO2508-C-7800,0.2,0.0,0.2
2025-08-15,2025-08-15 11:29:31.500,MO2508-C-7800,0.2,0.0,0.2
2025-08-15,2025-08-15 11:29:34.000,MO2508-C-7800,0.2,0.0,0.2
2025-08-15,2025-08-15 11:29:35.000,MO2508-C-7800,0.2,0.0,0.2
2025-08-15,2025-08-15 11:29:35.500,MO2508-C-7800,0.2,0.0,0.2
2025-08-15,2025-08-15 11:29:36.000,MO2508-C-7800,0.2,0.0,0.2
2025-08-15,2025-08-15 11:29:41.500,MO2508-C-7800,0.2,0.0,0.2
2025-08-15,2025-08-15 11:29:43.000,MO2508-C-7800,0.2,0.0,0.2
2025-08-15,2025-08-15 11:29:43.500,MO2508-C-7800,0.2,0.0,0.2
2025-08-15,2025-08-15 11:29:45.000,MO2508-C-7800,0.2,0.0,0.2
2025-08-15,2025-08-15 11:29:45.500,MO2508-C-7800,0.2,0.0,0.2
2025-08-15,2025-08-15 11:29:46.500,MO2508-C-7800,0.2,0.0,0.2
2025-08-15,2025-08-15 11:29:47.500,MO2508-C-7800,0.2,0.0,0.2
2025-08-15,2025-08-15 11:29:48.500,MO2508-C-7800,0.2,0.0,0.2
2025-08-15,2025-08-15 11:29:49.000,MO2508-C-7800,0.2,0.0,0.2
2025-08-15,2025-08-15 11:29:49.500,MO2508-C-7800,0.2,0.0,0.4
2025-08-15,2025-08-15 11:29:50.000,MO2508-C-7800,0.2,0.2,0.4
2025-08-15,2025-08-15 11:29:50.500,MO2508-C-7800,0.2,0.2,0.4
2025-08-15,2025-08-15 11:29:51.000,MO2508-C-7800,0.2,0.2,0.4
2025-08-15,2025-08-15 11:29:51.500,MO2508-C-7800,0.2,0.2,0.4
2025-08-15,2025-08-15 11:29:52.000,MO2508-C-7800,0.2,0.0,0.4
2025-08-15,2025-08-15 11:29:52.500,MO2508-C-7800,0.2,0.0,0.4
2025-08-15,2025-08-15 11:29:53.000,MO2508-C-7800,0.2,0.0,0.4
2025-08-15,2025-08-15 11:30:00.000,MO2508-C-7800,0.2,0.0,0.4
2025-08-15,2025-08-15 13:00:00.500,MO2508-C-7800,0.2,0.0,0.2
2025-08-15,2025-08-15 13:00:01.000,MO2508-C-7800,0.2,0.0,0.2
2025-08-15,2025-08-15 13:00:05.500,MO2508-C-7800,0.2,0.0,0.2
2025-08-15,2025-08-15 13:00:10.000,MO2508-C-7800,0.2,0.0,0.2
2025-08-15,2025-08-15 13:00:10.500,MO2508-C-7800,0.2,0.0,0.2
2025-08-15,2025-08-15 13:00:11.000,MO2508-C-7800,0.2,0.0,0.2
2025-08-15,2025-08-15 13:00:12.000,MO2508-C-7800,0.2,0.0,0.2
2025-08-15,2025-08-15 13:00:12.500,MO2508-C-7800,0.2,0.0,0.2
2025-08-15,2025-08-15 13:00:15.500,MO2508-C-7800,0.2,0.0,0.2
2025-08-15,2025-08-15 13:00:17.000,MO2508-C-7800,0.2,0.0,0.2
2025-08-15,2025-08-15 13:00:18.500,MO2508-C-7800,0.2,0.0,0.2
2025-08-15,2025-08-15 13:00:19.000,MO2508-C-7800,0.2,0.0,0.2
2025-08-15,2025-08-15 13:00:19.500,MO2508-C-7800,0.2,0.0,0.2
2025-08-15,2025-08-15 13:00:30.000,MO2508-C-7800,0.2,0.0,0.2
2025-08-15,2025-08-15 13:00:35.500,MO2508-C-7800,0.2,0.0,0.2
2025-08-15,2025-08-15 13:00:39.500,MO2508-C-7800,0.2,0.0,0.2
2025-08-15,2025-08-15 13:00:40.000,MO2508-C-7800,0.2,0.0,0.2
2025-08-15,2025-08-15 13:00:41.500,MO2508-C-7800,0.2,0.0,0.2
2025-08-15,2025-08-15 13:01:00.000,MO2508-C-7800,0.2,0.0,0.2
2025-08-15,2025-08-15 13:01:00.500,MO2508-C-7800,0.2,0.0,0.2
2025-08-15,2025-08-15 13:01:03.500,MO2508-C-7800,0.2,0.0,0.2
2025-08-15,2025-08-15 13:01:05.500,MO2508-C-7800,0.2,0.0,0.2
2025-08-15,2025-08-15 13:01:32.000,MO2508-C-7800,0.2,0.0,0.2
2025-08-15,2025-08-15 13:01:38.500,MO2508-C-7800,0.2,0.0,0.2
2025-08-15,2025-08-15 13:01:39.000,MO2508-C-7800,0.2,0.0,0.2
2025-08-15,2025-08-15 13:01:54.500,MO2508-C-7800,0.2,0.0,0.2
2025-08-15,2025-08-15 13:02:01.500,MO2508-C-7800,0.2,0.0,0.2
2025-08-15,2025-08-15 13:02:02.000,MO2508-C-7800,0.2,0.0,0.2
2025-08-15,2025-08-15 13:02:38.500,MO2508-C-7800,0.2,0.0,0.2
2025-08-15,2025-08-15 13:02:39.500,MO2508-C-7800,0.2,0.0,0.2
2025-08-15,2025-08-15 13:02:42.000,MO2508-C-7800,0.2,0.0,0.2
2025-08-15,2025-08-15 13:02:43.500,MO2508-C-7800,0.2,0.0,0.2
2025-08-15,2025-08-15 13:02:58.500,MO2508-C-7800,0.2,0.0,0.2
2025-08-15,2025-08-15 13:03:10.000,MO2508-C-7800,0.2,0.0,0.2
2025-08-15,2025-08-15 13:03:10.500,MO2508-C-7800,0.2,0.0,0.2
2025-08-15,2025-08-15 13:03:35.000,MO2508-C-7800,0.2,0.0,0.2
2025-08-15,2025-08-15 13:03:35.500,MO2508-C-7800,0.2,0.0,0.2
2025-08-15,2025-08-15 13:04:02.000,MO2508-C-7800,0.2,0.0,0.2
2025-08-15,2025-08-15 13:04:02.500,MO2508-C-7800,0.2,0.0,0.2
2025-08-15,2025-08-15 13:05:23.000,MO2508-C-7800,0.2,0.0,0.2
2025-08-15,2025-08-15 13:05:23.500,MO2508-C-7800,0.2,0.0,0.2
2025-08-15,2025-08-15 13:05:27.000,MO2508-C-7800,0.2,0.0,0.2
2025-08-15,2025-08-15 13:05:27.500,MO2508-C-7800,0.2,0.0,0.2
2025-08-15,2025-08-15 13:05:32.000,MO2508-C-7800,0.2,0.0,0.2
2025-08-15,2025-08-15 13:05:32.500,MO2508-C-7800,0.2,0.0,0.2
2025-08-15,2025-08-15 13:05:42.500,MO2508-C-7800,0.2,0.0,0.2
2025-08-15,2025-08-15 13:05:43.000,MO2508-C-7800,0.2,0.0,0.2
2025-08-15,2025-08-15 13:05:47.500,MO2508-C-7800,0.2,0.0,0.2
2025-08-15,2025-08-15 13:05:48.500,MO2508-C-7800,0.2,0.0,0.2
2025-08-15,2025-08-15 13:06:21.000,MO2508-C-7800,0.2,0.0,0.2
2025-08-15,2025-08-15 13:06:23.000,MO2508-C-7800,0.2,0.0,0.2
2025-08-15,2025-08-15 13:06:25.500,MO2508-C-7800,0.2,0.0,0.2
2025-08-15,2025-08-15 13:06:32.500,MO2508-C-7800,0.2,0.0,0.2
2025-08-15,2025-08-15 13:06:40.500,MO2508-C-7800,0.2,0.0,0.2
2025-08-15,2025-08-15 13:06:55.500,MO2508-C-7800,0.2,0.0,0.2
2025-08-15,2025-08-15 13:06:56.500,MO2508-C-7800,0.2,0.0,0.2
2025-08-15,2025-08-15 13:06:57.000,MO2508-C-7800,0.2,0.0,0.2
2025-08-15,2025-08-15 13:06:57.500,MO2508-C-7800,0.2,0.0,0.2
2025-08-15,2025-08-15 13:06:58.000,MO2508-C-7800,0.2,0.0,0.2
2025-08-15,2025-08-15 13:07:09.500,MO2508-C-7800,0.2,0.0,0.2
2025-08-15,2025-08-15 13:07:21.000,MO2508-C-7800,0.2,0.0,0.2
2025-08-15,2025-08-15 13:07:45.000,MO2508-C-7800,0.2,0.0,0.2
2025-08-15,2025-08-15 13:07:45.500,MO2508-C-7800,0.2,0.0,0.2
2025-08-15,2025-08-15 13:07:50.000,MO2508-C-7800,0.2,0.0,0.2
2025-08-15,2025-08-15 13:07:53.000,MO2508-C-7800,0.2,0.0,0.2
2025-08-15,2025-08-15 13:08:25.000,MO2508-C-7800,0.2,0.0,0.2
2025-08-15,2025-08-15 13:08:25.500,MO2508-C-7800,0.2,0.0,0.2
2025-08-15,2025-08-15 13:08:39.000,MO2508-C-7800,0.2,0.0,0.2
2025-08-15,2025-08-15 13:08:42.500,MO2508-C-7800,0.2,0.0,0.2
2025-08-15,2025-08-15 13:10:33.500,MO2508-C-7800,0.2,0.0,0.2
2025-08-15,2025-08-15 13:10:34.500,MO2508-C-7800,0.2,0.0,0.2
2025-08-15,2025-08-15 13:10:48.500,MO2508-C-7800,0.2,0.0,0.2
2025-08-15,2025-08-15 13:10:49.500,MO2508-C-7800,0.2,0.0,0.2
2025-08-15,2025-08-15 13:10:50.000,MO2508-C-7800,0.2,0.0,0.2
2025-08-15,2025-08-15 13:10:50.500,MO2508-C-7800,0.2,0.0,0.2
2025-08-15,2025-08-15 13:11:43.000,MO2508-C-7800,0.2,0.0,0.2
2025-08-15,2025-08-15 13:11:45.000,MO2508-C-7800,0.2,0.0,0.2
2025-08-15,2025-08-15 13:12:20.500,MO2508-C-7800,0.2,0.0,0.2
2025-08-15,2025-08-15 13:12:21.000,MO2508-C-7800,0.2,0.0,0.2
2025-08-15,2025-08-15 13:12:26.000,MO2508-C-7800,0.2,0.0,0.2
2025-08-15,2025-08-15 13:12:29.000,MO2508-C-7800,0.2,0.0,0.2
2025-08-15,2025-08-15 13:12:46.000,MO2508-C-7800,0.2,0.0,0.2
2025-08-15,2025-08-15 13:12:47.000,MO2508-C-7800,0.2,0.0,0.2
2025-08-15,2025-08-15 13:13:00.000,MO2508-C-7800,0.2,0.0,0.2
2025-08-15,2025-08-15 13:13:00.500,MO2508-C-7800,0.2,0.0,0.2
2025-08-15,2025-08-15 13:14:42.000,MO2508-C-7800,0.2,0.0,0.2
2025-08-15,2025-08-15 13:14:43.500,MO2508-C-7800,0.2,0.0,0.2
2025-08-15,2025-08-15 13:14:44.000,MO2508-C-7800,0.2,0.0,0.2
2025-08-15,2025-08-15 13:14:44.500,MO2508-C-7800,0.2,0.0,0.2
2025-08-15,2025-08-15 13:14:49.500,MO2508-C-7800,0.2,0.0,0.2
2025-08-15,2025-08-15 13:14:52.000,MO2508-C-7800,0.2,0.0,0.2
2025-08-15,2025-08-15 13:14:56.500,MO2508-C-7800,0.2,0.0,0.2
2025-08-15,2025-08-15 13:14:57.000,MO2508-C-7800,0.2,0.0,0.2
2025-08-15,2025-08-15 13:15:18.500,MO2508-C-7800,0.2,0.0,0.2
2025-08-15,2025-08-15 13:15:19.500,MO2508-C-7800,0.2,0.0,0.2
2025-08-15,2025-08-15 13:15:21.000,MO2508-C-7800,0.2,0.0,0.2
2025-08-15,2025-08-15 13:15:33.500,MO2508-C-7800,0.2,0.0,0.2
2025-08-15,2025-08-15 13:16:00.500,MO2508-C-7800,0.2,0.0,0.2
2025-08-15,2025-08-15 13:16:01.000,MO2508-C-7800,0.2,0.0,0.2
2025-08-15,2025-08-15 13:18:05.000,MO2508-C-7800,0.2,0.0,0.2
2025-08-15,2025-08-15 13:18:06.500,MO2508-C-7800,0.2,0.0,0.2
2025-08-15,2025-08-15 13:18:08.000,MO2508-C-7800,0.2,0.0,0.2
2025-08-15,2025-08-15 13:18:10.000,MO2508-C-7800,0.2,0.0,0.2
2025-08-15,2025-08-15 13:18:30.000,MO2508-C-7800,0.2,0.0,0.2
2025-08-15,2025-08-15 13:18:31.500,MO2508-C-7800,0.2,0.0,0.2
2025-08-15,2025-08-15 13:19:00.500,MO2508-C-7800,0.2,0.0,0.2
2025-08-15,2025-08-15 13:19:01.500,MO2508-C-7800,0.2,0.0,0.2
2025-08-15,2025-08-15 13:21:11.000,MO2508-C-7800,0.2,0.0,0.2
2025-08-15,2025-08-15 13:21:37.500,MO2508-C-7800,0.2,0.0,0.2
2025-08-15,2025-08-15 13:21:50.500,MO2508-C-7800,0.2,0.0,0.2
2025-08-15,2025-08-15 13:21:52.500,MO2508-C-7800,0.2,0.0,0.2
2025-08-15,2025-08-15 13:22:27.500,MO2508-C-7800,0.2,0.0,0.2
2025-08-15,2025-08-15 13:22:29.500,MO2508-C-7800,0.2,0.0,0.2
2025-08-15,2025-08-15 13:22:38.000,MO2508-C-7800,0.2,0.0,0.2
2025-08-15,2025-08-15 13:22:47.500,MO2508-C-7800,0.2,0.0,0.2
2025-08-15,2025-08-15 13:23:15.500,MO2508-C-7800,0.2,0.0,0.2
2025-08-15,2025-08-15 13:23:24.000,MO2508-C-7800,0.2,0.0,0.2
2025-08-15,2025-08-15 13:23:26.000,MO2508-C-7800,0.2,0.0,0.2
2025-08-15,2025-08-15 13:23:42.000,MO2508-C-7800,0.2,0.0,0.2
2025-08-15,2025-08-15 13:23:44.500,MO2508-C-7800,0.2,0.0,0.2
2025-08-15,2025-08-15 13:23:50.000,MO2508-C-7800,0.2,0.0,0.2
2025-08-15,2025-08-15 13:23:51.500,MO2508-C-7800,0.2,0.0,0.2
2025-08-15,2025-08-15 13:23:57.500,MO2508-C-7800,0.2,0.0,0.2
2025-08-15,2025-08-15 13:23:58.000,MO2508-C-7800,0.2,0.0,0.2
2025-08-15,2025-08-15 13:24:03.000,MO2508-C-7800,0.2,0.0,0.2
2025-08-15,2025-08-15 13:24:10.000,MO2508-C-7800,0.2,0.0,0.2
2025-08-15,2025-08-15 13:25:50.000,MO2508-C-7800,0.2,0.0,0.2
2025-08-15,2025-08-15 13:25:54.000,MO2508-C-7800,0.2,0.0,0.2
2025-08-15,2025-08-15 13:26:32.000,MO2508-C-7800,0.2,0.0,0.2
2025-08-15,2025-08-15 13:26:33.000,MO2508-C-7800,0.2,0.0,0.2
2025-08-15,2025-08-15 13:26:45.500,MO2508-C-7800,0.2,0.0,0.2
2025-08-15,2025-08-15 13:26:47.500,MO2508-C-7800,0.2,0.0,0.2
2025-08-15,2025-08-15 13:26:49.500,MO2508-C-7800,0.2,0.0,0.2
2025-08-15,2025-08-15 13:26:50.000,MO2508-C-7800,0.2,0.0,0.2
2025-08-15,2025-08-15 13:27:11.000,MO2508-C-7800,0.2,0.0,0.2
2025-08-15,2025-08-15 13:27:12.000,MO2508-C-7800,0.2,0.0,0.2
2025-08-15,2025-08-15 13:27:30.000,MO2508-C-7800,0.2,0.0,0.2
2025-08-15,2025-08-15 13:27:31.000,MO2508-C-7800,0.2,0.0,0.2
2025-08-15,2025-08-15 13:27:31.500,MO2508-C-7800,0.2,0.0,0.2
2025-08-15,2025-08-15 13:27:33.000,MO2508-C-7800,0.2,0.0,0.2
2025-08-15,2025-08-15 13:27:43.500,MO2508-C-7800,0.2,0.0,0.2
2025-08-15,2025-08-15 13:27:45.500,MO2508-C-7800,0.2,0.0,0.2
2025-08-15,2025-08-15 13:27:52.000,MO2508-C-7800,0.2,0.0,0.2
2025-08-15,2025-08-15 13:27:53.000,MO2508-C-7800,0.2,0.0,0.2
2025-08-15,2025-08-15 13:27:56.000,MO2508-C-7800,0.2,0.0,0.2
2025-08-15,2025-08-15 13:28:02.000,MO2508-C-7800,0.2,0.0,0.2
2025-08-15,2025-08-15 13:28:03.000,MO2508-C-7800,0.2,0.0,0.2
2025-08-15,2025-08-15 13:28:12.000,MO2508-C-7800,0.2,0.0,0.2
2025-08-15,2025-08-15 13:28:13.000,MO2508-C-7800,0.2,0.0,0.2
2025-08-15,2025-08-15 13:28:47.000,MO2508-C-7800,0.2,0.0,0.2
2025-08-15,2025-08-15 13:28:48.000,MO2508-C-7800,0.2,0.0,0.2
2025-08-15,2025-08-15 13:30:52.500,MO2508-C-7800,0.2,0.0,0.2
2025-08-15,2025-08-15 13:30:54.000,MO2508-C-7800,0.2,0.0,0.2
2025-08-15,2025-08-15 13:30:57.000,MO2508-C-7800,0.2,0.0,0.2
2025-08-15,2025-08-15 13:31:06.500,MO2508-C-7800,0.2,0.0,0.2
2025-08-15,2025-08-15 13:31:07.000,MO2508-C-7800,0.2,0.0,0.2
2025-08-15,2025-08-15 13:31:25.000,MO2508-C-7800,0.2,0.0,0.2
2025-08-15,2025-08-15 13:31:27.000,MO2508-C-7800,0.2,0.0,0.2
2025-08-15,2025-08-15 13:31:49.000,MO2508-C-7800,0.2,0.0,0.2
2025-08-15,2025-08-15 13:31:50.000,MO2508-C-7800,0.2,0.0,0.2
2025-08-15,2025-08-15 13:31:55.000,MO2508-C-7800,0.2,0.0,0.2
2025-08-15,2025-08-15 13:31:56.000,MO2508-C-7800,0.2,0.0,0.2
2025-08-15,2025-08-15 13:32:08.500,MO2508-C-7800,0.2,0.0,0.2
2025-08-15,2025-08-15 13:32:40.000,MO2508-C-7800,0.2,0.0,0.2
2025-08-15,2025-08-15 13:32:51.000,MO2508-C-7800,0.2,0.0,0.2
2025-08-15,2025-08-15 13:32:52.500,MO2508-C-7800,0.2,0.0,0.2
2025-08-15,2025-08-15 13:33:17.500,MO2508-C-7800,0.2,0.0,0.2
2025-08-15,2025-08-15 13:33:19.500,MO2508-C-7800,0.2,0.0,0.2
2025-08-15,2025-08-15 13:33:25.500,MO2508-C-7800,0.2,0.0,0.2
2025-08-15,2025-08-15 13:33:26.500,MO2508-C-7800,0.2,0.0,0.2
2025-08-15,2025-08-15 13:33:54.000,MO2508-C-7800,0.2,0.0,0.2
2025-08-15,2025-08-15 13:33:54.500,MO2508-C-7800,0.2,0.0,0.2
2025-08-15,2025-08-15 13:34:32.500,MO2508-C-7800,0.2,0.0,0.2
2025-08-15,2025-08-15 13:34:38.000,MO2508-C-7800,0.2,0.0,0.2
2025-08-15,2025-08-15 13:34:38.500,MO2508-C-7800,0.2,0.0,0.2
2025-08-15,2025-08-15 13:34:46.000,MO2508-C-7800,0.2,0.0,0.2
2025-08-15,2025-08-15 13:35:22.500,MO2508-C-7800,0.2,0.0,0.2
2025-08-15,2025-08-15 13:35:23.000,MO2508-C-7800,0.2,0.0,0.2
2025-08-15,2025-08-15 13:35:43.500,MO2508-C-7800,0.2,0.0,0.2
2025-08-15,2025-08-15 13:36:12.500,MO2508-C-7800,0.2,0.0,0.2
2025-08-15,2025-08-15 13:36:13.000,MO2508-C-7800,0.2,0.0,0.2
2025-08-15,2025-08-15 13:37:43.000,MO2508-C-7800,0.2,0.0,0.2
2025-08-15,2025-08-15 13:37:44.500,MO2508-C-7800,0.2,0.0,0.2
2025-08-15,2025-08-15 13:39:28.000,MO2508-C-7800,0.2,0.0,0.2
2025-08-15,2025-08-15 13:39:30.000,MO2508-C-7800,0.2,0.0,0.2
2025-08-15,2025-08-15 13:39:36.000,MO2508-C-7800,0.2,0.0,0.2
2025-08-15,2025-08-15 13:39:37.000,MO2508-C-7800,0.2,0.0,0.2
2025-08-15,2025-08-15 13:39:52.000,MO2508-C-7800,0.2,0.0,0.2
2025-08-15,2025-08-15 13:39:53.000,MO2508-C-7800,0.2,0.0,0.2
2025-08-15,2025-08-15 13:40:18.000,MO2508-C-7800,0.2,0.0,0.2
2025-08-15,2025-08-15 13:40:20.000,MO2508-C-7800,0.2,0.0,0.2
2025-08-15,2025-08-15 13:40:30.000,MO2508-C-7800,0.2,0.0,0.2
2025-08-15,2025-08-15 13:40:32.000,MO2508-C-7800,0.2,0.0,0.2
2025-08-15,2025-08-15 13:40:54.000,MO2508-C-7800,0.2,0.0,0.2
2025-08-15,2025-08-15 13:40:55.000,MO2508-C-7800,0.2,0.0,0.2
2025-08-15,2025-08-15 13:41:03.000,MO2508-C-7800,0.2,0.0,0.2
2025-08-15,2025-08-15 13:41:06.000,MO2508-C-7800,0.2,0.0,0.2
2025-08-15,2025-08-15 13:42:20.000,MO2508-C-7800,0.2,0.0,0.2
2025-08-15,2025-08-15 13:42:25.000,MO2508-C-7800,0.2,0.0,0.2
2025-08-15,2025-08-15 13:43:27.500,MO2508-C-7800,0.2,0.0,0.2
2025-08-15,2025-08-15 13:43:28.000,MO2508-C-7800,0.2,0.0,0.2
2025-08-15,2025-08-15 13:43:35.500,MO2508-C-7800,0.2,0.0,0.2
2025-08-15,2025-08-15 13:43:38.000,MO2508-C-7800,0.2,0.0,0.2
2025-08-15,2025-08-15 13:43:51.000,MO2508-C-7800,0.2,0.0,0.2
2025-08-15,2025-08-15 13:43:56.000,MO2508-C-7800,0.2,0.0,0.2
2025-08-15,2025-08-15 13:44:05.000,MO2508-C-7800,0.2,0.0,0.2
2025-08-15,2025-08-15 13:44:06.000,MO2508-C-7800,0.2,0.0,0.2
2025-08-15,2025-08-15 13:44:23.000,MO2508-C-7800,0.2,0.0,0.2
2025-08-15,2025-08-15 13:44:24.000,MO2508-C-7800,0.2,0.0,0.2
2025-08-15,2025-08-15 13:45:23.000,MO2508-C-7800,0.2,0.0,0.2
2025-08-15,2025-08-15 13:45:24.000,MO2508-C-7800,0.2,0.0,0.2
2025-08-15,2025-08-15 13:45:51.000,MO2508-C-7800,0.2,0.0,0.2
2025-08-15,2025-08-15 13:45:56.000,MO2508-C-7800,0.2,0.0,0.2
2025-08-15,2025-08-15 13:46:01.000,MO2508-C-7800,0.2,0.0,0.2
2025-08-15,2025-08-15 13:46:04.000,MO2508-C-7800,0.2,0.0,0.2
2025-08-15,2025-08-15 13:47:33.000,MO2508-C-7800,0.2,0.0,0.2
2025-08-15,2025-08-15 13:47:34.000,MO2508-C-7800,0.2,0.0,0.2
2025-08-15,2025-08-15 13:47:58.500,MO2508-C-7800,0.2,0.0,0.2
2025-08-15,2025-08-15 13:47:59.500,MO2508-C-7800,0.2,0.0,0.2
2025-08-15,2025-08-15 13:48:35.000,MO2508-C-7800,0.2,0.0,0.2
2025-08-15,2025-08-15 13:48:40.000,MO2508-C-7800,0.2,0.0,0.2
2025-08-15,2025-08-15 13:52:09.500,MO2508-C-7800,0.2,0.0,0.2
2025-08-15,2025-08-15 13:52:12.000,MO2508-C-7800,0.2,0.0,0.2
2025-08-15,2025-08-15 13:52:33.000,MO2508-C-7800,0.2,0.0,0.2
2025-08-15,2025-08-15 13:52:34.500,MO2508-C-7800,0.2,0.0,0.2
2025-08-15,2025-08-15 13:59:56.500,MO2508-C-7800,0.2,0.0,0.2
2025-08-15,2025-08-15 13:59:57.000,MO2508-C-7800,0.2,0.0,0.2
2025-08-15,2025-08-15 14:00:27.000,MO2508-C-7800,0.2,0.0,0.2
2025-08-15,2025-08-15 14:00:27.500,MO2508-C-7800,0.2,0.0,0.2
2025-08-15,2025-08-15 14:00:28.500,MO2508-C-7800,0.2,0.0,0.2
2025-08-15,2025-08-15 14:01:47.000,MO2508-C-7800,0.2,0.0,0.2
2025-08-15,2025-08-15 14:01:50.000,MO2508-C-7800,0.2,0.0,0.2
2025-08-15,2025-08-15 14:06:29.000,MO2508-C-7800,0.2,0.0,0.2
2025-08-15,2025-08-15 14:06:32.000,MO2508-C-7800,0.2,0.0,0.2
2025-08-15,2025-08-15 14:06:35.000,MO2508-C-7800,0.2,0.0,0.2
2025-08-15,2025-08-15 14:06:35.500,MO2508-C-7800,0.2,0.0,0.2
2025-08-15,2025-08-15 14:06:54.500,MO2508-C-7800,0.2,0.0,0.2
2025-08-15,2025-08-15 14:06:55.500,MO2508-C-7800,0.2,0.0,0.2
2025-08-15,2025-08-15 14:08:00.000,MO2508-C-7800,0.2,0.0,0.2
2025-08-15,2025-08-15 14:08:04.000,MO2508-C-7800,0.2,0.0,0.2
2025-08-15,2025-08-15 14:08:29.500,MO2508-C-7800,0.2,0.0,0.2
2025-08-15,2025-08-15 14:08:30.500,MO2508-C-7800,0.2,0.0,0.2
2025-08-15,2025-08-15 14:09:25.000,MO2508-C-7800,0.2,0.0,0.2
2025-08-15,2025-08-15 14:10:27.000,MO2508-C-7800,0.2,0.0,0.2
2025-08-15,2025-08-15 14:10:27.500,MO2508-C-7800,0.2,0.0,0.2
2025-08-15,2025-08-15 14:10:58.500,MO2508-C-7800,0.2,0.0,0.2
2025-08-15,2025-08-15 14:11:00.000,MO2508-C-7800,0.2,0.0,0.2
2025-08-15,2025-08-15 14:11:14.000,MO2508-C-7800,0.2,0.0,0.2
2025-08-15,2025-08-15 14:11:15.000,MO2508-C-7800,0.2,0.0,0.2
2025-08-15,2025-08-15 14:11:47.500,MO2508-C-7800,0.2,0.0,0.2
2025-08-15,2025-08-15 14:11:48.500,MO2508-C-7800,0.2,0.0,0.2
2025-08-15,2025-08-15 14:13:57.000,MO2508-C-7800,0.2,0.0,0.2
2025-08-15,2025-08-15 14:14:00.000,MO2508-C-7800,0.2,0.0,0.2
2025-08-15,2025-08-15 14:14:36.000,MO2508-C-7800,0.2,0.0,0.2
2025-08-15,2025-08-15 14:15:12.500,MO2508-C-7800,0.2,0.0,0.2
2025-08-15,2025-08-15 14:15:18.000,MO2508-C-7800,0.2,0.0,0.2
2025-08-15,2025-08-15 14:15:18.500,MO2508-C-7800,0.2,0.0,0.2
2025-08-15,2025-08-15 14:15:26.500,MO2508-C-7800,0.2,0.0,0.2
2025-08-15,2025-08-15 14:15:27.500,MO2508-C-7800,0.2,0.0,0.2
2025-08-15,2025-08-15 14:15:28.000,MO2508-C-7800,0.2,0.0,0.2
2025-08-15,2025-08-15 14:15:28.500,MO2508-C-7800,0.2,0.0,0.2
2025-08-15,2025-08-15 14:15:31.500,MO2508-C-7800,0.2,0.0,0.2
2025-08-15,2025-08-15 14:15:58.000,MO2508-C-7800,0.2,0.0,0.2
2025-08-15,2025-08-15 14:16:09.500,MO2508-C-7800,0.2,0.0,0.2
2025-08-15,2025-08-15 14:16:27.000,MO2508-C-7800,0.2,0.0,0.2
2025-08-15,2025-08-15 14:16:27.500,MO2508-C-7800,0.2,0.0,0.2
2025-08-15,2025-08-15 14:16:36.000,MO2508-C-7800,0.2,0.0,0.2
2025-08-15,2025-08-15 14:16:46.500,MO2508-C-7800,0.2,0.0,0.2
2025-08-15,2025-08-15 14:17:31.000,MO2508-C-7800,0.2,0.0,0.2
2025-08-15,2025-08-15 14:17:37.000,MO2508-C-7800,0.2,0.0,0.2
2025-08-15,2025-08-15 14:19:11.000,MO2508-C-7800,0.2,0.0,0.2
2025-08-15,2025-08-15 14:20:56.500,MO2508-C-7800,0.2,0.0,0.2
2025-08-15,2025-08-15 14:20:57.500,MO2508-C-7800,0.2,0.0,0.2
2025-08-15,2025-08-15 14:23:05.000,MO2508-C-7800,0.2,0.0,0.2
2025-08-15,2025-08-15 14:23:19.000,MO2508-C-7800,0.2,0.0,0.2
