tradingdate,tradingtime,symbol,lastprice,buyprice01,sellprice01
2025-08-26,2025-08-26 09:29:00.000,MO2603-P-8400,1484.4,1425.0,1593.8
2025-08-26,2025-08-26 09:30:00.500,MO2603-P-8400,1484.4,1425.0,1593.8
2025-08-26,2025-08-26 09:30:01.000,MO2603-P-8400,1484.4,1425.0,1593.8
2025-08-26,2025-08-26 09:30:01.500,MO2603-P-8400,1484.4,1425.0,1593.8
2025-08-26,2025-08-26 09:30:02.000,MO2603-P-8400,1484.4,1425.0,1593.8
2025-08-26,2025-08-26 09:30:05.000,MO2603-P-8400,1484.4,1425.0,1593.8
2025-08-26,2025-08-26 09:30:10.500,MO2603-P-8400,1484.4,1425.0,1593.8
2025-08-26,2025-08-26 09:30:12.000,MO2603-P-8400,1484.4,1425.0,1593.8
2025-08-26,2025-08-26 09:30:12.500,MO2603-P-8400,1484.4,1425.0,1593.8
2025-08-26,2025-08-26 09:30:13.000,MO2603-P-8400,1484.4,1425.0,1593.8
2025-08-26,2025-08-26 09:30:15.500,MO2603-P-8400,1484.4,1425.0,1593.8
2025-08-26,2025-08-26 09:30:16.000,MO2603-P-8400,1484.4,1425.0,1593.8
2025-08-26,2025-08-26 09:30:17.500,MO2603-P-8400,1484.4,1425.0,1593.8
2025-08-26,2025-08-26 09:30:31.000,MO2603-P-8400,1484.4,1425.0,1593.8
2025-08-26,2025-08-26 09:30:44.000,MO2603-P-8400,1484.4,1491.4,1522.4
2025-08-26,2025-08-26 09:30:44.500,MO2603-P-8400,1484.4,1491.4,1522.4
2025-08-26,2025-08-26 09:30:45.000,MO2603-P-8400,1484.4,1491.4,1522.4
2025-08-26,2025-08-26 09:30:45.500,MO2603-P-8400,1484.4,1491.4,1522.4
2025-08-26,2025-08-26 09:30:46.000,MO2603-P-8400,1484.4,1491.4,1522.4
2025-08-26,2025-08-26 09:30:46.500,MO2603-P-8400,1484.4,1491.4,1522.4
2025-08-26,2025-08-26 09:30:47.000,MO2603-P-8400,1484.4,1491.4,1522.4
2025-08-26,2025-08-26 09:30:47.500,MO2603-P-8400,1484.4,1491.4,1522.4
2025-08-26,2025-08-26 09:30:49.500,MO2603-P-8400,1484.4,1491.8,1522.4
2025-08-26,2025-08-26 09:30:52.000,MO2603-P-8400,1484.4,1492.8,1522.4
2025-08-26,2025-08-26 09:31:05.000,MO2603-P-8400,1484.4,1491.0,1522.4
2025-08-26,2025-08-26 09:31:06.000,MO2603-P-8400,1484.4,1491.0,1527.2
2025-08-26,2025-08-26 09:31:06.500,MO2603-P-8400,1484.4,1491.0,1527.2
2025-08-26,2025-08-26 09:31:07.000,MO2603-P-8400,1484.4,1491.0,1527.2
2025-08-26,2025-08-26 09:31:15.500,MO2603-P-8400,1484.4,1493.2,1524.2
2025-08-26,2025-08-26 09:31:16.000,MO2603-P-8400,1484.4,1493.2,1524.2
2025-08-26,2025-08-26 09:31:16.500,MO2603-P-8400,1484.4,1493.2,1524.2
2025-08-26,2025-08-26 09:31:22.500,MO2603-P-8400,1484.4,1493.2,1524.2
2025-08-26,2025-08-26 09:31:23.000,MO2603-P-8400,1484.4,1491.0,1527.2
2025-08-26,2025-08-26 09:31:24.500,MO2603-P-8400,1484.4,1490.4,1527.0
2025-08-26,2025-08-26 09:31:25.000,MO2603-P-8400,1484.4,1490.4,1527.0
2025-08-26,2025-08-26 09:31:30.000,MO2603-P-8400,1484.4,1490.4,1527.0
2025-08-26,2025-08-26 09:31:34.500,MO2603-P-8400,1484.4,1490.4,1519.6
2025-08-26,2025-08-26 09:31:35.000,MO2603-P-8400,1484.4,1490.4,1519.6
2025-08-26,2025-08-26 09:31:35.500,MO2603-P-8400,1484.4,1490.4,1519.6
2025-08-26,2025-08-26 09:31:36.500,MO2603-P-8400,1484.4,1490.4,1519.6
2025-08-26,2025-08-26 09:31:45.500,MO2603-P-8400,1484.4,1490.4,1519.6
2025-08-26,2025-08-26 09:31:46.000,MO2603-P-8400,1484.4,1490.4,1519.6
2025-08-26,2025-08-26 09:31:47.000,MO2603-P-8400,1484.4,1490.4,1519.6
2025-08-26,2025-08-26 09:31:50.000,MO2603-P-8400,1484.4,1490.4,1519.6
2025-08-26,2025-08-26 09:31:52.000,MO2603-P-8400,1484.4,1490.4,1519.6
2025-08-26,2025-08-26 09:31:55.500,MO2603-P-8400,1484.4,1490.6,1519.4
2025-08-26,2025-08-26 09:31:56.000,MO2603-P-8400,1484.4,1490.6,1519.4
2025-08-26,2025-08-26 09:31:56.500,MO2603-P-8400,1484.4,1490.6,1519.4
2025-08-26,2025-08-26 09:31:57.000,MO2603-P-8400,1484.4,1490.6,1519.4
2025-08-26,2025-08-26 09:31:58.000,MO2603-P-8400,1484.4,1490.6,1519.4
2025-08-26,2025-08-26 09:32:01.500,MO2603-P-8400,1484.4,1490.6,1519.4
2025-08-26,2025-08-26 09:32:02.000,MO2603-P-8400,1484.4,1490.6,1519.4
2025-08-26,2025-08-26 09:32:05.500,MO2603-P-8400,1484.4,1490.8,1519.2
2025-08-26,2025-08-26 09:32:06.000,MO2603-P-8400,1484.4,1490.8,1519.2
2025-08-26,2025-08-26 09:32:06.500,MO2603-P-8400,1484.4,1490.8,1519.2
2025-08-26,2025-08-26 09:32:15.500,MO2603-P-8400,1484.4,1491.0,1519.0
2025-08-26,2025-08-26 09:32:25.500,MO2603-P-8400,1484.4,1491.2,1518.8
2025-08-26,2025-08-26 09:32:26.000,MO2603-P-8400,1484.4,1491.2,1518.8
2025-08-26,2025-08-26 09:32:26.500,MO2603-P-8400,1484.4,1491.2,1518.8
2025-08-26,2025-08-26 09:32:29.000,MO2603-P-8400,1484.4,1491.2,1518.8
2025-08-26,2025-08-26 09:32:29.500,MO2603-P-8400,1484.4,1491.2,1518.8
2025-08-26,2025-08-26 09:32:30.000,MO2603-P-8400,1484.4,1491.2,1518.8
2025-08-26,2025-08-26 09:32:30.500,MO2603-P-8400,1484.4,1491.2,1518.8
2025-08-26,2025-08-26 09:32:31.000,MO2603-P-8400,1484.4,1491.2,1518.8
2025-08-26,2025-08-26 09:32:31.500,MO2603-P-8400,1484.4,1491.2,1518.8
2025-08-26,2025-08-26 09:32:35.500,MO2603-P-8400,1484.4,1491.4,1518.6
2025-08-26,2025-08-26 09:32:37.500,MO2603-P-8400,1484.4,1491.4,1518.6
2025-08-26,2025-08-26 09:32:38.000,MO2603-P-8400,1484.4,1491.4,1518.6
2025-08-26,2025-08-26 09:32:38.500,MO2603-P-8400,1484.4,1491.4,1518.6
2025-08-26,2025-08-26 09:32:45.500,MO2603-P-8400,1484.4,1491.6,1518.4
2025-08-26,2025-08-26 09:32:55.500,MO2603-P-8400,1484.4,1491.8,1518.2
2025-08-26,2025-08-26 09:32:58.500,MO2603-P-8400,1484.4,1491.8,1518.2
2025-08-26,2025-08-26 09:33:02.000,MO2603-P-8400,1484.4,1491.8,1518.2
2025-08-26,2025-08-26 09:33:04.000,MO2603-P-8400,1484.4,1491.8,1518.2
2025-08-26,2025-08-26 09:33:05.500,MO2603-P-8400,1484.4,1492.0,1518.0
2025-08-26,2025-08-26 09:33:08.500,MO2603-P-8400,1484.4,1492.0,1518.0
2025-08-26,2025-08-26 09:33:09.000,MO2603-P-8400,1484.4,1492.0,1518.0
2025-08-26,2025-08-26 09:33:09.500,MO2603-P-8400,1484.4,1492.0,1518.0
2025-08-26,2025-08-26 09:33:10.000,MO2603-P-8400,1484.4,1492.0,1518.0
2025-08-26,2025-08-26 09:33:10.500,MO2603-P-8400,1484.4,1492.0,1518.0
2025-08-26,2025-08-26 09:33:15.000,MO2603-P-8400,1484.4,1493.4,1518.0
2025-08-26,2025-08-26 09:33:15.500,MO2603-P-8400,1484.4,1493.4,1517.8
2025-08-26,2025-08-26 09:33:16.000,MO2603-P-8400,1484.4,1493.4,1517.8
2025-08-26,2025-08-26 09:33:21.000,MO2603-P-8400,1484.4,1493.4,1519.4
2025-08-26,2025-08-26 09:33:21.500,MO2603-P-8400,1484.4,1493.4,1519.4
2025-08-26,2025-08-26 09:33:25.500,MO2603-P-8400,1484.4,1493.6,1519.4
2025-08-26,2025-08-26 09:33:26.000,MO2603-P-8400,1484.4,1493.6,1519.4
2025-08-26,2025-08-26 09:33:26.500,MO2603-P-8400,1484.4,1493.6,1519.4
2025-08-26,2025-08-26 09:33:31.500,MO2603-P-8400,1484.4,1493.6,1519.2
2025-08-26,2025-08-26 09:33:33.000,MO2603-P-8400,1484.4,1493.6,1519.6
2025-08-26,2025-08-26 09:33:33.500,MO2603-P-8400,1484.4,1493.6,1519.6
2025-08-26,2025-08-26 09:33:35.500,MO2603-P-8400,1484.4,1493.8,1519.6
2025-08-26,2025-08-26 09:33:36.000,MO2603-P-8400,1484.4,1493.8,1519.6
2025-08-26,2025-08-26 09:33:37.000,MO2603-P-8400,1484.4,1499.0,1519.6
2025-08-26,2025-08-26 09:33:38.000,MO2603-P-8400,1484.4,1499.0,1519.6
2025-08-26,2025-08-26 09:33:38.500,MO2603-P-8400,1484.4,1499.0,1519.6
2025-08-26,2025-08-26 09:33:39.000,MO2603-P-8400,1484.4,1499.0,1519.6
2025-08-26,2025-08-26 09:33:40.000,MO2603-P-8400,1484.4,1499.0,1519.6
2025-08-26,2025-08-26 09:33:42.000,MO2603-P-8400,1484.4,1499.0,1519.6
2025-08-26,2025-08-26 09:33:42.500,MO2603-P-8400,1484.4,1499.0,1519.6
2025-08-26,2025-08-26 09:33:50.000,MO2603-P-8400,1484.4,1499.0,1519.4
2025-08-26,2025-08-26 09:33:52.500,MO2603-P-8400,1484.4,1499.0,1519.4
2025-08-26,2025-08-26 09:34:00.000,MO2603-P-8400,1484.4,1499.0,1519.2
2025-08-26,2025-08-26 09:34:05.500,MO2603-P-8400,1484.4,1499.0,1519.2
2025-08-26,2025-08-26 09:34:08.500,MO2603-P-8400,1484.4,1499.0,1519.2
2025-08-26,2025-08-26 09:34:09.000,MO2603-P-8400,1484.4,1499.0,1519.2
2025-08-26,2025-08-26 09:34:09.500,MO2603-P-8400,1484.4,1499.0,1520.0
2025-08-26,2025-08-26 09:34:10.000,MO2603-P-8400,1484.4,1499.0,1520.0
2025-08-26,2025-08-26 09:34:12.000,MO2603-P-8400,1484.4,1499.0,1520.0
2025-08-26,2025-08-26 09:34:16.000,MO2603-P-8400,1484.4,1499.0,1520.0
2025-08-26,2025-08-26 09:34:20.000,MO2603-P-8400,1484.4,1499.0,1519.8
2025-08-26,2025-08-26 09:34:20.500,MO2603-P-8400,1484.4,1499.0,1519.8
2025-08-26,2025-08-26 09:34:22.500,MO2603-P-8400,1484.4,1499.0,1519.8
2025-08-26,2025-08-26 09:34:23.000,MO2603-P-8400,1484.4,1499.0,1519.8
2025-08-26,2025-08-26 09:34:24.000,MO2603-P-8400,1484.4,1493.8,1519.8
2025-08-26,2025-08-26 09:34:24.500,MO2603-P-8400,1484.4,1493.8,1519.8
2025-08-26,2025-08-26 09:34:30.000,MO2603-P-8400,1484.4,1493.8,1519.6
2025-08-26,2025-08-26 09:34:30.500,MO2603-P-8400,1484.4,1493.8,1519.6
2025-08-26,2025-08-26 09:34:31.500,MO2603-P-8400,1484.4,1493.8,1519.6
2025-08-26,2025-08-26 09:34:32.000,MO2603-P-8400,1484.4,1493.8,1519.6
2025-08-26,2025-08-26 09:34:32.500,MO2603-P-8400,1484.4,1493.8,1519.6
2025-08-26,2025-08-26 09:34:33.000,MO2603-P-8400,1484.4,1493.8,1519.6
2025-08-26,2025-08-26 09:34:40.000,MO2603-P-8400,1484.4,1493.8,1519.4
2025-08-26,2025-08-26 09:34:49.000,MO2603-P-8400,1484.4,1502.6,1518.8
2025-08-26,2025-08-26 09:34:49.500,MO2603-P-8400,1484.4,1502.6,1518.8
2025-08-26,2025-08-26 09:34:50.000,MO2603-P-8400,1484.4,1502.6,1518.8
2025-08-26,2025-08-26 09:34:51.000,MO2603-P-8400,1484.4,1502.6,1518.8
2025-08-26,2025-08-26 09:34:51.500,MO2603-P-8400,1484.4,1502.6,1518.8
2025-08-26,2025-08-26 09:34:52.000,MO2603-P-8400,1484.4,1502.6,1518.8
2025-08-26,2025-08-26 09:34:59.500,MO2603-P-8400,1484.4,1502.6,1518.6
2025-08-26,2025-08-26 09:35:00.000,MO2603-P-8400,1484.4,1502.6,1518.6
2025-08-26,2025-08-26 09:35:00.500,MO2603-P-8400,1484.4,1502.6,1518.6
2025-08-26,2025-08-26 09:35:01.000,MO2603-P-8400,1484.4,1502.6,1518.6
2025-08-26,2025-08-26 09:35:01.500,MO2603-P-8400,1484.4,1502.6,1518.6
2025-08-26,2025-08-26 09:35:02.000,MO2603-P-8400,1484.4,1502.6,1518.6
2025-08-26,2025-08-26 09:35:02.500,MO2603-P-8400,1484.4,1505.2,1519.6
2025-08-26,2025-08-26 09:35:03.000,MO2603-P-8400,1484.4,1501.0,1519.8
2025-08-26,2025-08-26 09:35:03.500,MO2603-P-8400,1484.4,1501.2,1520.0
2025-08-26,2025-08-26 09:35:04.000,MO2603-P-8400,1484.4,1501.2,1523.8
2025-08-26,2025-08-26 09:35:04.500,MO2603-P-8400,1484.4,1501.2,1523.8
2025-08-26,2025-08-26 09:35:05.000,MO2603-P-8400,1484.4,1501.2,1523.8
2025-08-26,2025-08-26 09:35:05.500,MO2603-P-8400,1484.4,1501.2,1523.8
2025-08-26,2025-08-26 09:35:06.000,MO2603-P-8400,1484.4,1501.2,1523.8
2025-08-26,2025-08-26 09:35:06.500,MO2603-P-8400,1484.4,1501.2,1523.8
2025-08-26,2025-08-26 09:35:07.500,MO2603-P-8400,1484.4,1504.8,1521.0
2025-08-26,2025-08-26 09:35:08.000,MO2603-P-8400,1484.4,1504.8,1521.0
2025-08-26,2025-08-26 09:35:08.500,MO2603-P-8400,1484.4,1504.8,1521.0
2025-08-26,2025-08-26 09:35:09.000,MO2603-P-8400,1484.4,1501.0,1523.8
2025-08-26,2025-08-26 09:35:09.500,MO2603-P-8400,1484.4,1501.2,1523.8
2025-08-26,2025-08-26 09:35:12.500,MO2603-P-8400,1484.4,1504.8,1521.0
2025-08-26,2025-08-26 09:35:13.000,MO2603-P-8400,1484.4,1504.8,1521.0
2025-08-26,2025-08-26 09:35:13.500,MO2603-P-8400,1484.4,1504.8,1521.0
2025-08-26,2025-08-26 09:35:14.000,MO2603-P-8400,1484.4,1504.8,1521.0
2025-08-26,2025-08-26 09:35:14.500,MO2603-P-8400,1484.4,1504.8,1521.0
2025-08-26,2025-08-26 09:35:15.000,MO2603-P-8400,1484.4,1507.2,1521.0
2025-08-26,2025-08-26 09:35:15.500,MO2603-P-8400,1484.4,1501.2,1521.0
2025-08-26,2025-08-26 09:35:16.500,MO2603-P-8400,1484.4,1501.2,1524.6
2025-08-26,2025-08-26 09:35:17.000,MO2603-P-8400,1484.4,1501.2,1524.6
2025-08-26,2025-08-26 09:35:17.500,MO2603-P-8400,1484.4,1501.2,1524.6
2025-08-26,2025-08-26 09:35:18.500,MO2603-P-8400,1484.4,1501.2,1524.6
2025-08-26,2025-08-26 09:35:19.000,MO2603-P-8400,1484.4,1501.2,1524.6
2025-08-26,2025-08-26 09:35:19.500,MO2603-P-8400,1484.4,1501.2,1524.6
2025-08-26,2025-08-26 09:35:23.000,MO2603-P-8400,1484.4,1506.8,1522.8
2025-08-26,2025-08-26 09:35:23.500,MO2603-P-8400,1484.4,1506.8,1522.8
2025-08-26,2025-08-26 09:35:25.000,MO2603-P-8400,1484.4,1506.8,1522.8
2025-08-26,2025-08-26 09:35:25.500,MO2603-P-8400,1484.4,1506.8,1522.8
2025-08-26,2025-08-26 09:35:31.000,MO2603-P-8400,1484.4,1506.8,1522.8
2025-08-26,2025-08-26 09:35:31.500,MO2603-P-8400,1484.4,1506.8,1522.8
2025-08-26,2025-08-26 09:35:32.000,MO2603-P-8400,1484.4,1506.8,1522.8
2025-08-26,2025-08-26 09:35:33.000,MO2603-P-8400,1484.4,1506.8,1522.8
2025-08-26,2025-08-26 09:35:33.500,MO2603-P-8400,1484.4,1506.8,1522.8
2025-08-26,2025-08-26 09:35:34.000,MO2603-P-8400,1484.4,1506.8,1522.8
2025-08-26,2025-08-26 09:35:35.500,MO2603-P-8400,1484.4,1506.8,1522.8
2025-08-26,2025-08-26 09:35:36.000,MO2603-P-8400,1484.4,1506.8,1522.8
2025-08-26,2025-08-26 09:35:36.500,MO2603-P-8400,1484.4,1506.8,1522.8
2025-08-26,2025-08-26 09:35:37.000,MO2603-P-8400,1484.4,1504.2,1520.4
2025-08-26,2025-08-26 09:35:37.500,MO2603-P-8400,1484.4,1504.2,1520.4
2025-08-26,2025-08-26 09:35:38.500,MO2603-P-8400,1484.4,1504.2,1520.4
2025-08-26,2025-08-26 09:35:39.000,MO2603-P-8400,1484.4,1504.2,1520.4
2025-08-26,2025-08-26 09:35:39.500,MO2603-P-8400,1484.4,1504.2,1520.4
2025-08-26,2025-08-26 09:35:40.000,MO2603-P-8400,1484.4,1504.2,1520.4
2025-08-26,2025-08-26 09:35:40.500,MO2603-P-8400,1484.4,1504.2,1520.4
2025-08-26,2025-08-26 09:35:52.000,MO2603-P-8400,1484.4,1504.2,1520.4
2025-08-26,2025-08-26 09:35:53.000,MO2603-P-8400,1484.4,1504.2,1520.4
2025-08-26,2025-08-26 09:35:58.500,MO2603-P-8400,1484.4,1504.2,1520.4
2025-08-26,2025-08-26 09:36:01.500,MO2603-P-8400,1484.4,1504.2,1520.4
2025-08-26,2025-08-26 09:36:02.500,MO2603-P-8400,1484.4,1504.2,1520.4
2025-08-26,2025-08-26 09:36:08.500,MO2603-P-8400,1484.4,1504.2,1520.4
2025-08-26,2025-08-26 09:36:09.000,MO2603-P-8400,1484.4,1507.6,1520.4
2025-08-26,2025-08-26 09:36:09.500,MO2603-P-8400,1484.4,1507.6,1520.4
2025-08-26,2025-08-26 09:36:10.000,MO2603-P-8400,1484.4,1507.6,1520.4
2025-08-26,2025-08-26 09:36:12.500,MO2603-P-8400,1484.4,1507.6,1520.2
2025-08-26,2025-08-26 09:36:15.000,MO2603-P-8400,1484.4,1507.6,1520.2
2025-08-26,2025-08-26 09:36:18.000,MO2603-P-8400,1484.4,1507.6,1523.8
2025-08-26,2025-08-26 09:36:18.500,MO2603-P-8400,1484.4,1507.6,1523.8
2025-08-26,2025-08-26 09:36:19.000,MO2603-P-8400,1484.4,1507.6,1523.8
2025-08-26,2025-08-26 09:36:19.500,MO2603-P-8400,1484.4,1507.6,1523.8
2025-08-26,2025-08-26 09:36:21.000,MO2603-P-8400,1484.4,1507.6,1523.8
2025-08-26,2025-08-26 09:36:21.500,MO2603-P-8400,1484.4,1507.6,1523.8
2025-08-26,2025-08-26 09:36:26.500,MO2603-P-8400,1484.4,1510.2,1523.8
2025-08-26,2025-08-26 09:36:28.500,MO2603-P-8400,1484.4,1510.2,1523.6
2025-08-26,2025-08-26 09:36:29.000,MO2603-P-8400,1484.4,1510.2,1523.6
2025-08-26,2025-08-26 09:36:29.500,MO2603-P-8400,1484.4,1510.0,1523.6
2025-08-26,2025-08-26 09:36:30.000,MO2603-P-8400,1484.4,1510.0,1523.6
2025-08-26,2025-08-26 09:36:32.000,MO2603-P-8400,1484.4,1510.0,1523.6
2025-08-26,2025-08-26 09:36:32.500,MO2603-P-8400,1484.4,1510.0,1524.8
2025-08-26,2025-08-26 09:36:33.000,MO2603-P-8400,1484.4,1512.8,1525.0
2025-08-26,2025-08-26 09:36:33.500,MO2603-P-8400,1484.4,1512.8,1525.2
2025-08-26,2025-08-26 09:36:34.000,MO2603-P-8400,1484.4,1512.8,1525.8
2025-08-26,2025-08-26 09:36:34.500,MO2603-P-8400,1484.4,1512.8,1525.8
2025-08-26,2025-08-26 09:36:35.000,MO2603-P-8400,1484.4,1511.8,1525.8
2025-08-26,2025-08-26 09:36:35.500,MO2603-P-8400,1484.4,1511.8,1525.8
2025-08-26,2025-08-26 09:36:36.000,MO2603-P-8400,1484.4,1511.8,1525.8
2025-08-26,2025-08-26 09:36:37.000,MO2603-P-8400,1484.4,1510.8,1525.8
2025-08-26,2025-08-26 09:36:38.500,MO2603-P-8400,1484.4,1510.8,1525.8
2025-08-26,2025-08-26 09:36:39.500,MO2603-P-8400,1484.4,1513.8,1525.8
2025-08-26,2025-08-26 09:36:40.000,MO2603-P-8400,1484.4,1513.8,1525.8
2025-08-26,2025-08-26 09:36:40.500,MO2603-P-8400,1484.4,1512.4,1525.8
2025-08-26,2025-08-26 09:36:44.500,MO2603-P-8400,1484.4,1512.4,1525.6
2025-08-26,2025-08-26 09:36:46.000,MO2603-P-8400,1484.4,1512.4,1525.6
2025-08-26,2025-08-26 09:36:48.000,MO2603-P-8400,1484.4,1512.4,1525.6
2025-08-26,2025-08-26 09:36:50.000,MO2603-P-8400,1484.4,1512.4,1525.6
2025-08-26,2025-08-26 09:36:54.500,MO2603-P-8400,1484.4,1512.4,1525.4
2025-08-26,2025-08-26 09:37:02.500,MO2603-P-8400,1484.4,1509.4,1525.4
2025-08-26,2025-08-26 09:37:03.000,MO2603-P-8400,1484.4,1509.4,1525.4
2025-08-26,2025-08-26 09:37:03.500,MO2603-P-8400,1484.4,1509.4,1525.4
2025-08-26,2025-08-26 09:37:04.000,MO2603-P-8400,1484.4,1509.4,1525.4
2025-08-26,2025-08-26 09:37:04.500,MO2603-P-8400,1484.4,1509.4,1525.2
2025-08-26,2025-08-26 09:37:05.000,MO2603-P-8400,1484.4,1509.4,1525.2
2025-08-26,2025-08-26 09:37:11.000,MO2603-P-8400,1484.4,1509.4,1525.2
2025-08-26,2025-08-26 09:37:11.500,MO2603-P-8400,1484.4,1509.4,1525.2
2025-08-26,2025-08-26 09:37:14.500,MO2603-P-8400,1484.4,1509.4,1525.0
2025-08-26,2025-08-26 09:37:18.000,MO2603-P-8400,1484.4,1509.4,1525.0
2025-08-26,2025-08-26 09:37:18.500,MO2603-P-8400,1484.4,1509.4,1525.0
2025-08-26,2025-08-26 09:37:19.000,MO2603-P-8400,1484.4,1509.4,1525.0
2025-08-26,2025-08-26 09:37:23.000,MO2603-P-8400,1484.4,1509.4,1525.0
2025-08-26,2025-08-26 09:37:23.500,MO2603-P-8400,1484.4,1508.8,1525.0
2025-08-26,2025-08-26 09:37:24.000,MO2603-P-8400,1484.4,1507.6,1525.0
2025-08-26,2025-08-26 09:37:24.500,MO2603-P-8400,1484.4,1507.6,1524.8
2025-08-26,2025-08-26 09:37:25.000,MO2603-P-8400,1484.4,1507.6,1524.8
2025-08-26,2025-08-26 09:37:25.500,MO2603-P-8400,1484.4,1507.6,1524.8
2025-08-26,2025-08-26 09:37:26.000,MO2603-P-8400,1484.4,1507.2,1524.8
2025-08-26,2025-08-26 09:37:26.500,MO2603-P-8400,1484.4,1507.2,1524.8
2025-08-26,2025-08-26 09:37:29.000,MO2603-P-8400,1484.4,1506.6,1524.8
2025-08-26,2025-08-26 09:37:29.500,MO2603-P-8400,1484.4,1505.4,1524.8
2025-08-26,2025-08-26 09:37:30.000,MO2603-P-8400,1484.4,1505.4,1524.8
2025-08-26,2025-08-26 09:37:30.500,MO2603-P-8400,1484.4,1505.4,1524.8
2025-08-26,2025-08-26 09:37:32.000,MO2603-P-8400,1484.4,1505.4,1524.8
2025-08-26,2025-08-26 09:37:32.500,MO2603-P-8400,1484.4,1502.2,1524.8
2025-08-26,2025-08-26 09:37:34.500,MO2603-P-8400,1484.4,1502.2,1524.6
2025-08-26,2025-08-26 09:37:38.500,MO2603-P-8400,1484.4,1502.2,1524.6
2025-08-26,2025-08-26 09:37:44.500,MO2603-P-8400,1484.4,1502.2,1524.4
2025-08-26,2025-08-26 09:37:51.000,MO2603-P-8400,1484.4,1507.4,1523.6
2025-08-26,2025-08-26 09:37:51.500,MO2603-P-8400,1484.4,1507.4,1523.6
2025-08-26,2025-08-26 09:37:53.000,MO2603-P-8400,1484.4,1507.4,1523.6
2025-08-26,2025-08-26 09:37:55.000,MO2603-P-8400,1484.4,1507.4,1523.6
2025-08-26,2025-08-26 09:37:55.500,MO2603-P-8400,1484.4,1507.4,1523.6
2025-08-26,2025-08-26 09:38:02.500,MO2603-P-8400,1484.4,1504.4,1520.6
2025-08-26,2025-08-26 09:38:03.000,MO2603-P-8400,1484.4,1502.2,1524.4
2025-08-26,2025-08-26 09:38:03.500,MO2603-P-8400,1484.4,1502.2,1520.6
2025-08-26,2025-08-26 09:38:04.000,MO2603-P-8400,1484.4,1502.2,1524.2
2025-08-26,2025-08-26 09:38:05.500,MO2603-P-8400,1484.4,1501.8,1524.2
2025-08-26,2025-08-26 09:38:06.000,MO2603-P-8400,1484.4,1501.8,1524.2
2025-08-26,2025-08-26 09:38:07.500,MO2603-P-8400,1484.4,1507.6,1523.8
2025-08-26,2025-08-26 09:38:08.000,MO2603-P-8400,1484.4,1501.8,1524.2
2025-08-26,2025-08-26 09:38:09.500,MO2603-P-8400,1484.4,1502.0,1524.2
2025-08-26,2025-08-26 09:38:10.000,MO2603-P-8400,1484.4,1507.0,1523.2
2025-08-26,2025-08-26 09:38:10.500,MO2603-P-8400,1484.4,1507.0,1523.2
2025-08-26,2025-08-26 09:38:11.000,MO2603-P-8400,1484.4,1507.0,1523.2
2025-08-26,2025-08-26 09:38:12.000,MO2603-P-8400,1484.4,1507.0,1523.2
2025-08-26,2025-08-26 09:38:12.500,MO2603-P-8400,1484.4,1507.0,1523.2
2025-08-26,2025-08-26 09:38:13.000,MO2603-P-8400,1484.4,1507.0,1523.2
2025-08-26,2025-08-26 09:38:14.000,MO2603-P-8400,1484.4,1505.4,1521.0
2025-08-26,2025-08-26 09:38:16.500,MO2603-P-8400,1484.4,1504.8,1521.0
2025-08-26,2025-08-26 09:38:17.000,MO2603-P-8400,1484.4,1504.8,1521.0
2025-08-26,2025-08-26 09:38:17.500,MO2603-P-8400,1484.4,1504.8,1521.0
2025-08-26,2025-08-26 09:38:18.000,MO2603-P-8400,1484.4,1502.0,1523.4
2025-08-26,2025-08-26 09:38:18.500,MO2603-P-8400,1484.4,1501.8,1523.2
2025-08-26,2025-08-26 09:38:19.000,MO2603-P-8400,1484.4,1501.2,1523.2
2025-08-26,2025-08-26 09:38:19.500,MO2603-P-8400,1484.4,1501.2,1523.2
2025-08-26,2025-08-26 09:38:20.000,MO2603-P-8400,1484.4,1501.2,1523.2
2025-08-26,2025-08-26 09:38:21.500,MO2603-P-8400,1484.4,1501.2,1523.2
2025-08-26,2025-08-26 09:38:22.000,MO2603-P-8400,1484.4,1501.2,1523.2
2025-08-26,2025-08-26 09:38:22.500,MO2603-P-8400,1484.4,1501.2,1523.2
2025-08-26,2025-08-26 09:38:23.500,MO2603-P-8400,1484.4,1501.2,1523.2
2025-08-26,2025-08-26 09:38:33.500,MO2603-P-8400,1484.4,1501.2,1523.0
2025-08-26,2025-08-26 09:38:34.000,MO2603-P-8400,1484.4,1501.2,1523.0
2025-08-26,2025-08-26 09:38:38.000,MO2603-P-8400,1484.4,1503.6,1519.8
2025-08-26,2025-08-26 09:38:38.500,MO2603-P-8400,1484.4,1503.6,1519.8
2025-08-26,2025-08-26 09:38:39.000,MO2603-P-8400,1484.4,1503.6,1519.8
2025-08-26,2025-08-26 09:38:39.500,MO2603-P-8400,1484.4,1503.6,1519.8
2025-08-26,2025-08-26 09:38:49.500,MO2603-P-8400,1484.4,1503.6,1519.6
2025-08-26,2025-08-26 09:38:51.500,MO2603-P-8400,1484.4,1503.6,1519.8
2025-08-26,2025-08-26 09:38:52.000,MO2603-P-8400,1484.4,1503.6,1519.8
2025-08-26,2025-08-26 09:39:02.000,MO2603-P-8400,1484.4,1503.6,1519.6
2025-08-26,2025-08-26 09:39:03.000,MO2603-P-8400,1484.4,1503.6,1519.6
2025-08-26,2025-08-26 09:39:04.000,MO2603-P-8400,1484.4,1501.0,1517.0
2025-08-26,2025-08-26 09:39:04.500,MO2603-P-8400,1484.4,1500.8,1517.0
2025-08-26,2025-08-26 09:39:05.000,MO2603-P-8400,1484.4,1500.8,1517.0
2025-08-26,2025-08-26 09:39:05.500,MO2603-P-8400,1484.4,1500.8,1517.0
2025-08-26,2025-08-26 09:39:09.500,MO2603-P-8400,1484.4,1500.8,1517.0
2025-08-26,2025-08-26 09:39:10.000,MO2603-P-8400,1484.4,1500.8,1517.0
2025-08-26,2025-08-26 09:39:10.500,MO2603-P-8400,1484.4,1500.8,1517.0
2025-08-26,2025-08-26 09:39:13.000,MO2603-P-8400,1484.4,1499.0,1514.0
2025-08-26,2025-08-26 09:39:13.500,MO2603-P-8400,1484.4,1497.8,1514.0
2025-08-26,2025-08-26 09:39:14.000,MO2603-P-8400,1484.4,1497.8,1514.0
2025-08-26,2025-08-26 09:39:15.500,MO2603-P-8400,1484.4,1497.8,1514.0
2025-08-26,2025-08-26 09:39:17.000,MO2603-P-8400,1484.4,1497.8,1514.0
2025-08-26,2025-08-26 09:39:24.500,MO2603-P-8400,1484.4,1497.8,1514.0
2025-08-26,2025-08-26 09:39:27.000,MO2603-P-8400,1484.4,1497.8,1513.8
2025-08-26,2025-08-26 09:39:27.500,MO2603-P-8400,1484.4,1497.8,1513.8
2025-08-26,2025-08-26 09:39:28.000,MO2603-P-8400,1484.4,1497.8,1513.8
2025-08-26,2025-08-26 09:39:28.500,MO2603-P-8400,1484.4,1497.8,1513.8
2025-08-26,2025-08-26 09:39:29.000,MO2603-P-8400,1484.4,1497.2,1511.2
2025-08-26,2025-08-26 09:39:29.500,MO2603-P-8400,1484.4,1496.0,1511.2
2025-08-26,2025-08-26 09:39:30.000,MO2603-P-8400,1484.4,1496.0,1511.2
2025-08-26,2025-08-26 09:39:30.500,MO2603-P-8400,1484.4,1496.0,1511.2
2025-08-26,2025-08-26 09:39:31.000,MO2603-P-8400,1484.4,1496.0,1511.2
2025-08-26,2025-08-26 09:39:31.500,MO2603-P-8400,1484.4,1495.0,1511.2
2025-08-26,2025-08-26 09:39:32.000,MO2603-P-8400,1484.4,1495.0,1511.2
2025-08-26,2025-08-26 09:39:32.500,MO2603-P-8400,1484.4,1495.0,1511.2
2025-08-26,2025-08-26 09:39:33.500,MO2603-P-8400,1484.4,1495.0,1511.2
2025-08-26,2025-08-26 09:39:34.000,MO2603-P-8400,1484.4,1497.6,1513.4
2025-08-26,2025-08-26 09:39:34.500,MO2603-P-8400,1484.4,1497.6,1513.8
2025-08-26,2025-08-26 09:39:35.000,MO2603-P-8400,1484.4,1497.6,1513.8
2025-08-26,2025-08-26 09:39:35.500,MO2603-P-8400,1484.4,1497.6,1513.8
2025-08-26,2025-08-26 09:39:36.000,MO2603-P-8400,1484.4,1497.6,1513.8
2025-08-26,2025-08-26 09:39:37.000,MO2603-P-8400,1484.4,1497.6,1513.6
2025-08-26,2025-08-26 09:39:47.000,MO2603-P-8400,1484.4,1497.6,1513.4
2025-08-26,2025-08-26 09:39:48.000,MO2603-P-8400,1484.4,1497.6,1513.4
2025-08-26,2025-08-26 09:39:48.500,MO2603-P-8400,1484.4,1497.6,1513.4
2025-08-26,2025-08-26 09:39:57.000,MO2603-P-8400,1484.4,1497.6,1513.2
2025-08-26,2025-08-26 09:39:59.500,MO2603-P-8400,1484.4,1500.2,1513.2
2025-08-26,2025-08-26 09:40:00.000,MO2603-P-8400,1484.4,1499.8,1513.2
2025-08-26,2025-08-26 09:40:00.500,MO2603-P-8400,1484.4,1499.8,1513.2
2025-08-26,2025-08-26 09:40:03.000,MO2603-P-8400,1484.4,1499.8,1514.0
2025-08-26,2025-08-26 09:40:03.500,MO2603-P-8400,1484.4,1499.8,1514.0
2025-08-26,2025-08-26 09:40:04.000,MO2603-P-8400,1484.4,1499.8,1514.0
2025-08-26,2025-08-26 09:40:04.500,MO2603-P-8400,1484.4,1499.8,1514.0
2025-08-26,2025-08-26 09:40:05.000,MO2603-P-8400,1484.4,1497.6,1513.4
2025-08-26,2025-08-26 09:40:05.500,MO2603-P-8400,1484.4,1497.4,1513.4
2025-08-26,2025-08-26 09:40:06.000,MO2603-P-8400,1484.4,1497.4,1513.4
2025-08-26,2025-08-26 09:40:06.500,MO2603-P-8400,1484.4,1497.4,1513.4
2025-08-26,2025-08-26 09:40:07.000,MO2603-P-8400,1484.4,1497.4,1513.4
2025-08-26,2025-08-26 09:40:08.500,MO2603-P-8400,1484.4,1497.4,1513.4
2025-08-26,2025-08-26 09:40:09.000,MO2603-P-8400,1484.4,1497.4,1513.4
2025-08-26,2025-08-26 09:40:11.000,MO2603-P-8400,1484.4,1497.4,1513.4
2025-08-26,2025-08-26 09:40:12.500,MO2603-P-8400,1484.4,1500.0,1513.4
2025-08-26,2025-08-26 09:40:13.000,MO2603-P-8400,1484.4,1500.0,1513.4
2025-08-26,2025-08-26 09:40:13.500,MO2603-P-8400,1484.4,1500.0,1513.4
2025-08-26,2025-08-26 09:40:14.000,MO2603-P-8400,1484.4,1500.0,1513.4
2025-08-26,2025-08-26 09:40:15.000,MO2603-P-8400,1484.4,1500.0,1513.4
2025-08-26,2025-08-26 09:40:15.500,MO2603-P-8400,1484.4,1500.0,1513.4
2025-08-26,2025-08-26 09:40:16.500,MO2603-P-8400,1484.4,1500.0,1515.6
2025-08-26,2025-08-26 09:40:17.000,MO2603-P-8400,1484.4,1500.0,1515.6
2025-08-26,2025-08-26 09:40:17.500,MO2603-P-8400,1484.4,1500.0,1515.6
2025-08-26,2025-08-26 09:40:18.000,MO2603-P-8400,1484.4,1500.0,1515.6
2025-08-26,2025-08-26 09:40:18.500,MO2603-P-8400,1484.4,1500.0,1515.6
2025-08-26,2025-08-26 09:40:19.000,MO2603-P-8400,1484.4,1500.0,1515.6
2025-08-26,2025-08-26 09:40:19.500,MO2603-P-8400,1484.4,1500.0,1515.6
2025-08-26,2025-08-26 09:40:25.000,MO2603-P-8400,1484.4,1500.0,1515.6
2025-08-26,2025-08-26 09:40:25.500,MO2603-P-8400,1484.4,1500.0,1515.6
2025-08-26,2025-08-26 09:40:26.000,MO2603-P-8400,1484.4,1500.0,1515.6
2025-08-26,2025-08-26 09:40:26.500,MO2603-P-8400,1484.4,1500.0,1515.6
2025-08-26,2025-08-26 09:40:27.000,MO2603-P-8400,1484.4,1500.0,1515.4
2025-08-26,2025-08-26 09:40:37.000,MO2603-P-8400,1484.4,1500.0,1515.2
2025-08-26,2025-08-26 09:40:41.500,MO2603-P-8400,1484.4,1500.0,1515.2
2025-08-26,2025-08-26 09:40:42.000,MO2603-P-8400,1484.4,1500.0,1515.2
2025-08-26,2025-08-26 09:40:42.500,MO2603-P-8400,1484.4,1500.0,1515.2
2025-08-26,2025-08-26 09:40:43.000,MO2603-P-8400,1484.4,1500.0,1515.2
2025-08-26,2025-08-26 09:40:43.500,MO2603-P-8400,1484.4,1500.0,1515.2
2025-08-26,2025-08-26 09:40:44.000,MO2603-P-8400,1484.4,1500.0,1515.2
2025-08-26,2025-08-26 09:40:44.500,MO2603-P-8400,1484.4,1500.0,1515.2
2025-08-26,2025-08-26 09:40:45.000,MO2603-P-8400,1484.4,1500.0,1515.2
2025-08-26,2025-08-26 09:40:45.500,MO2603-P-8400,1484.4,1500.0,1515.2
2025-08-26,2025-08-26 09:40:46.000,MO2603-P-8400,1484.4,1500.0,1515.2
2025-08-26,2025-08-26 09:40:46.500,MO2603-P-8400,1484.4,1500.0,1515.2
2025-08-26,2025-08-26 09:40:47.500,MO2603-P-8400,1484.4,1500.0,1515.0
2025-08-26,2025-08-26 09:40:57.500,MO2603-P-8400,1484.4,1500.0,1514.8
2025-08-26,2025-08-26 09:41:00.500,MO2603-P-8400,1484.4,1500.0,1514.8
2025-08-26,2025-08-26 09:41:01.000,MO2603-P-8400,1484.4,1500.0,1514.8
2025-08-26,2025-08-26 09:41:02.500,MO2603-P-8400,1484.4,1500.0,1514.8
2025-08-26,2025-08-26 09:41:03.000,MO2603-P-8400,1484.4,1500.0,1514.8
2025-08-26,2025-08-26 09:41:03.500,MO2603-P-8400,1484.4,1500.0,1514.8
2025-08-26,2025-08-26 09:41:04.000,MO2603-P-8400,1484.4,1497.6,1513.6
2025-08-26,2025-08-26 09:41:04.500,MO2603-P-8400,1484.4,1497.6,1513.6
2025-08-26,2025-08-26 09:41:05.000,MO2603-P-8400,1484.4,1497.6,1513.6
2025-08-26,2025-08-26 09:41:05.500,MO2603-P-8400,1484.4,1497.6,1513.6
2025-08-26,2025-08-26 09:41:06.000,MO2603-P-8400,1484.4,1497.6,1513.6
2025-08-26,2025-08-26 09:41:06.500,MO2603-P-8400,1484.4,1497.6,1513.6
2025-08-26,2025-08-26 09:41:07.000,MO2603-P-8400,1484.4,1497.6,1513.6
2025-08-26,2025-08-26 09:41:07.500,MO2603-P-8400,1484.4,1497.6,1513.6
2025-08-26,2025-08-26 09:41:08.000,MO2603-P-8400,1484.4,1497.6,1513.6
2025-08-26,2025-08-26 09:41:08.500,MO2603-P-8400,1484.4,1497.6,1513.6
2025-08-26,2025-08-26 09:41:09.000,MO2603-P-8400,1484.4,1497.6,1513.6
2025-08-26,2025-08-26 09:41:09.500,MO2603-P-8400,1484.4,1497.6,1513.6
2025-08-26,2025-08-26 09:41:10.000,MO2603-P-8400,1484.4,1497.6,1513.6
2025-08-26,2025-08-26 09:41:12.000,MO2603-P-8400,1484.4,1497.6,1513.6
2025-08-26,2025-08-26 09:41:12.500,MO2603-P-8400,1484.4,1497.6,1513.6
2025-08-26,2025-08-26 09:41:22.500,MO2603-P-8400,1484.4,1497.6,1513.4
2025-08-26,2025-08-26 09:41:32.500,MO2603-P-8400,1484.4,1497.6,1513.2
2025-08-26,2025-08-26 09:41:42.500,MO2603-P-8400,1484.4,1497.6,1513.0
2025-08-26,2025-08-26 09:41:48.500,MO2603-P-8400,1484.4,1496.8,1513.0
2025-08-26,2025-08-26 09:41:49.000,MO2603-P-8400,1484.4,1496.8,1513.0
2025-08-26,2025-08-26 09:41:49.500,MO2603-P-8400,1484.4,1496.8,1513.0
2025-08-26,2025-08-26 09:41:50.500,MO2603-P-8400,1484.4,1498.4,1513.0
2025-08-26,2025-08-26 09:41:51.000,MO2603-P-8400,1484.4,1498.4,1513.0
2025-08-26,2025-08-26 09:41:51.500,MO2603-P-8400,1484.4,1498.4,1513.0
2025-08-26,2025-08-26 09:41:52.000,MO2603-P-8400,1484.4,1498.4,1513.0
2025-08-26,2025-08-26 09:41:52.500,MO2603-P-8400,1484.4,1498.4,1512.8
2025-08-26,2025-08-26 09:41:53.000,MO2603-P-8400,1484.4,1498.4,1512.8
2025-08-26,2025-08-26 09:41:53.500,MO2603-P-8400,1484.4,1498.4,1512.8
2025-08-26,2025-08-26 09:41:54.500,MO2603-P-8400,1484.4,1498.4,1512.8
2025-08-26,2025-08-26 09:41:55.000,MO2603-P-8400,1484.4,1498.4,1512.8
2025-08-26,2025-08-26 09:41:56.000,MO2603-P-8400,1484.4,1498.4,1512.8
2025-08-26,2025-08-26 09:41:56.500,MO2603-P-8400,1484.4,1498.4,1512.8
2025-08-26,2025-08-26 09:41:57.000,MO2603-P-8400,1484.4,1498.4,1512.8
2025-08-26,2025-08-26 09:41:57.500,MO2603-P-8400,1484.4,1498.4,1512.8
2025-08-26,2025-08-26 09:41:58.000,MO2603-P-8400,1484.4,1498.4,1512.8
2025-08-26,2025-08-26 09:41:58.500,MO2603-P-8400,1484.4,1498.4,1512.8
2025-08-26,2025-08-26 09:41:59.000,MO2603-P-8400,1484.4,1498.4,1512.8
2025-08-26,2025-08-26 09:41:59.500,MO2603-P-8400,1484.4,1498.4,1512.8
2025-08-26,2025-08-26 09:42:00.000,MO2603-P-8400,1484.4,1498.4,1512.8
2025-08-26,2025-08-26 09:42:00.500,MO2603-P-8400,1484.4,1498.4,1512.8
2025-08-26,2025-08-26 09:42:01.000,MO2603-P-8400,1484.4,1498.4,1512.8
2025-08-26,2025-08-26 09:42:01.500,MO2603-P-8400,1484.4,1498.4,1512.8
2025-08-26,2025-08-26 09:42:02.000,MO2603-P-8400,1484.4,1498.4,1512.8
2025-08-26,2025-08-26 09:42:02.500,MO2603-P-8400,1484.4,1498.4,1512.6
2025-08-26,2025-08-26 09:42:03.000,MO2603-P-8400,1484.4,1498.4,1512.6
2025-08-26,2025-08-26 09:42:03.500,MO2603-P-8400,1484.4,1498.4,1512.6
2025-08-26,2025-08-26 09:42:04.000,MO2603-P-8400,1484.4,1498.4,1512.6
2025-08-26,2025-08-26 09:42:04.500,MO2603-P-8400,1484.4,1498.4,1512.6
2025-08-26,2025-08-26 09:42:05.000,MO2603-P-8400,1484.4,1498.4,1512.6
2025-08-26,2025-08-26 09:42:05.500,MO2603-P-8400,1484.4,1498.4,1512.6
2025-08-26,2025-08-26 09:42:06.000,MO2603-P-8400,1484.4,1498.4,1512.6
2025-08-26,2025-08-26 09:42:06.500,MO2603-P-8400,1484.4,1498.4,1512.6
2025-08-26,2025-08-26 09:42:07.000,MO2603-P-8400,1484.4,1498.4,1512.6
2025-08-26,2025-08-26 09:42:07.500,MO2603-P-8400,1484.4,1498.4,1512.6
2025-08-26,2025-08-26 09:42:08.000,MO2603-P-8400,1484.4,1498.4,1512.6
2025-08-26,2025-08-26 09:42:08.500,MO2603-P-8400,1484.4,1498.4,1512.6
2025-08-26,2025-08-26 09:42:09.000,MO2603-P-8400,1484.4,1498.4,1512.6
2025-08-26,2025-08-26 09:42:09.500,MO2603-P-8400,1484.4,1498.4,1512.6
2025-08-26,2025-08-26 09:42:10.000,MO2603-P-8400,1484.4,1498.4,1512.6
2025-08-26,2025-08-26 09:42:10.500,MO2603-P-8400,1484.4,1498.4,1512.6
2025-08-26,2025-08-26 09:42:11.000,MO2603-P-8400,1484.4,1498.4,1512.6
2025-08-26,2025-08-26 09:42:11.500,MO2603-P-8400,1484.4,1498.4,1512.6
2025-08-26,2025-08-26 09:42:12.000,MO2603-P-8400,1484.4,1498.4,1512.6
2025-08-26,2025-08-26 09:42:12.500,MO2603-P-8400,1484.4,1498.4,1512.4
2025-08-26,2025-08-26 09:42:13.000,MO2603-P-8400,1484.4,1498.4,1512.4
2025-08-26,2025-08-26 09:42:13.500,MO2603-P-8400,1484.4,1498.4,1512.4
2025-08-26,2025-08-26 09:42:14.000,MO2603-P-8400,1484.4,1498.4,1512.4
2025-08-26,2025-08-26 09:42:14.500,MO2603-P-8400,1484.4,1498.4,1512.4
2025-08-26,2025-08-26 09:42:15.000,MO2603-P-8400,1484.4,1498.4,1512.4
2025-08-26,2025-08-26 09:42:15.500,MO2603-P-8400,1484.4,1498.4,1512.4
2025-08-26,2025-08-26 09:42:16.000,MO2603-P-8400,1484.4,1498.4,1512.4
2025-08-26,2025-08-26 09:42:16.500,MO2603-P-8400,1484.4,1498.4,1512.4
2025-08-26,2025-08-26 09:42:19.000,MO2603-P-8400,1484.4,1498.4,1512.4
2025-08-26,2025-08-26 09:42:19.500,MO2603-P-8400,1484.4,1498.4,1512.4
2025-08-26,2025-08-26 09:42:20.000,MO2603-P-8400,1484.4,1498.4,1512.4
2025-08-26,2025-08-26 09:42:20.500,MO2603-P-8400,1484.4,1498.4,1512.4
2025-08-26,2025-08-26 09:42:21.000,MO2603-P-8400,1484.4,1498.4,1512.4
2025-08-26,2025-08-26 09:42:21.500,MO2603-P-8400,1484.4,1498.4,1512.4
2025-08-26,2025-08-26 09:42:22.000,MO2603-P-8400,1484.4,1498.4,1512.4
2025-08-26,2025-08-26 09:42:22.500,MO2603-P-8400,1484.4,1498.4,1512.2
2025-08-26,2025-08-26 09:42:23.000,MO2603-P-8400,1484.4,1498.4,1512.2
2025-08-26,2025-08-26 09:42:23.500,MO2603-P-8400,1484.4,1498.4,1512.2
2025-08-26,2025-08-26 09:42:24.000,MO2603-P-8400,1484.4,1498.4,1514.6
2025-08-26,2025-08-26 09:42:24.500,MO2603-P-8400,1484.4,1498.4,1514.6
2025-08-26,2025-08-26 09:42:25.000,MO2603-P-8400,1484.4,1498.4,1514.6
2025-08-26,2025-08-26 09:42:25.500,MO2603-P-8400,1484.4,1498.4,1514.6
2025-08-26,2025-08-26 09:42:26.000,MO2603-P-8400,1484.4,1498.4,1514.6
2025-08-26,2025-08-26 09:42:26.500,MO2603-P-8400,1484.4,1498.4,1514.6
2025-08-26,2025-08-26 09:42:27.000,MO2603-P-8400,1484.4,1498.4,1514.6
2025-08-26,2025-08-26 09:42:27.500,MO2603-P-8400,1484.4,1498.4,1514.6
2025-08-26,2025-08-26 09:42:28.000,MO2603-P-8400,1484.4,1498.4,1514.6
2025-08-26,2025-08-26 09:42:28.500,MO2603-P-8400,1484.4,1498.4,1514.6
2025-08-26,2025-08-26 09:42:29.000,MO2603-P-8400,1484.4,1498.4,1514.6
2025-08-26,2025-08-26 09:42:34.500,MO2603-P-8400,1484.4,1498.4,1514.4
2025-08-26,2025-08-26 09:42:44.500,MO2603-P-8400,1484.4,1498.4,1514.2
2025-08-26,2025-08-26 09:42:54.500,MO2603-P-8400,1484.4,1498.4,1514.0
2025-08-26,2025-08-26 09:43:03.000,MO2603-P-8400,1484.4,1498.4,1514.0
2025-08-26,2025-08-26 09:43:03.500,MO2603-P-8400,1484.4,1498.4,1514.0
2025-08-26,2025-08-26 09:43:04.000,MO2603-P-8400,1484.4,1498.4,1514.0
2025-08-26,2025-08-26 09:43:04.500,MO2603-P-8400,1484.4,1498.4,1514.6
2025-08-26,2025-08-26 09:43:05.000,MO2603-P-8400,1484.4,1498.4,1514.6
2025-08-26,2025-08-26 09:43:05.500,MO2603-P-8400,1484.4,1498.4,1514.6
2025-08-26,2025-08-26 09:43:06.000,MO2603-P-8400,1484.4,1498.4,1514.6
2025-08-26,2025-08-26 09:43:13.000,MO2603-P-8400,1484.4,1498.4,1514.6
2025-08-26,2025-08-26 09:43:15.000,MO2603-P-8400,1484.4,1498.4,1514.4
2025-08-26,2025-08-26 09:43:15.500,MO2603-P-8400,1484.4,1498.4,1514.4
2025-08-26,2025-08-26 09:43:16.000,MO2603-P-8400,1484.4,1498.4,1514.4
2025-08-26,2025-08-26 09:43:16.500,MO2603-P-8400,1484.4,1498.4,1514.4
2025-08-26,2025-08-26 09:43:17.500,MO2603-P-8400,1484.4,1498.4,1514.4
2025-08-26,2025-08-26 09:43:18.000,MO2603-P-8400,1484.4,1502.0,1514.4
2025-08-26,2025-08-26 09:43:18.500,MO2603-P-8400,1484.4,1502.0,1514.4
2025-08-26,2025-08-26 09:43:20.000,MO2603-P-8400,1484.4,1502.0,1514.4
2025-08-26,2025-08-26 09:43:22.000,MO2603-P-8400,1484.4,1502.0,1514.4
2025-08-26,2025-08-26 09:43:22.500,MO2603-P-8400,1484.4,1502.0,1514.4
2025-08-26,2025-08-26 09:43:23.000,MO2603-P-8400,1484.4,1502.0,1514.4
2025-08-26,2025-08-26 09:43:23.500,MO2603-P-8400,1484.4,1502.0,1514.4
2025-08-26,2025-08-26 09:43:24.000,MO2603-P-8400,1484.4,1502.0,1514.4
2025-08-26,2025-08-26 09:43:24.500,MO2603-P-8400,1484.4,1502.0,1514.4
2025-08-26,2025-08-26 09:43:25.500,MO2603-P-8400,1484.4,1502.0,1514.2
2025-08-26,2025-08-26 09:43:30.500,MO2603-P-8400,1484.4,1502.0,1514.2
2025-08-26,2025-08-26 09:43:31.000,MO2603-P-8400,1484.4,1502.0,1514.2
2025-08-26,2025-08-26 09:43:34.000,MO2603-P-8400,1484.4,1502.0,1514.2
2025-08-26,2025-08-26 09:43:34.500,MO2603-P-8400,1484.4,1502.0,1514.2
2025-08-26,2025-08-26 09:43:35.500,MO2603-P-8400,1484.4,1502.0,1514.0
2025-08-26,2025-08-26 09:43:46.000,MO2603-P-8400,1484.4,1502.0,1513.8
2025-08-26,2025-08-26 09:43:49.500,MO2603-P-8400,1484.4,1502.0,1515.2
2025-08-26,2025-08-26 09:43:50.000,MO2603-P-8400,1484.4,1502.0,1515.4
2025-08-26,2025-08-26 09:43:50.500,MO2603-P-8400,1484.4,1502.0,1515.4
2025-08-26,2025-08-26 09:43:51.000,MO2603-P-8400,1484.4,1502.0,1515.4
2025-08-26,2025-08-26 09:43:52.000,MO2603-P-8400,1484.4,1502.0,1516.0
2025-08-26,2025-08-26 09:43:52.500,MO2603-P-8400,1484.4,1502.0,1516.0
2025-08-26,2025-08-26 09:43:53.000,MO2603-P-8400,1484.4,1502.0,1516.0
2025-08-26,2025-08-26 09:43:53.500,MO2603-P-8400,1484.4,1502.0,1516.0
2025-08-26,2025-08-26 09:43:54.000,MO2603-P-8400,1484.4,1502.0,1516.0
2025-08-26,2025-08-26 09:43:54.500,MO2603-P-8400,1484.4,1502.0,1516.0
2025-08-26,2025-08-26 09:43:59.500,MO2603-P-8400,1484.4,1502.0,1516.0
2025-08-26,2025-08-26 09:44:00.000,MO2603-P-8400,1484.4,1502.0,1516.0
2025-08-26,2025-08-26 09:44:01.000,MO2603-P-8400,1484.4,1502.0,1516.0
2025-08-26,2025-08-26 09:44:01.500,MO2603-P-8400,1484.4,1504.6,1516.0
2025-08-26,2025-08-26 09:44:02.500,MO2603-P-8400,1484.4,1503.2,1516.0
2025-08-26,2025-08-26 09:44:04.500,MO2603-P-8400,1484.4,1503.2,1516.0
2025-08-26,2025-08-26 09:44:05.500,MO2603-P-8400,1484.4,1503.2,1515.8
2025-08-26,2025-08-26 09:44:06.500,MO2603-P-8400,1484.4,1503.2,1515.8
2025-08-26,2025-08-26 09:44:09.500,MO2603-P-8400,1484.4,1503.2,1515.8
2025-08-26,2025-08-26 09:44:10.000,MO2603-P-8400,1484.4,1503.2,1517.2
2025-08-26,2025-08-26 09:44:10.500,MO2603-P-8400,1484.4,1503.2,1517.2
2025-08-26,2025-08-26 09:44:11.500,MO2603-P-8400,1484.4,1503.2,1517.2
2025-08-26,2025-08-26 09:44:12.000,MO2603-P-8400,1484.4,1503.2,1517.2
2025-08-26,2025-08-26 09:44:12.500,MO2603-P-8400,1484.4,1503.2,1517.2
2025-08-26,2025-08-26 09:44:13.000,MO2603-P-8400,1484.4,1503.2,1517.2
2025-08-26,2025-08-26 09:44:14.000,MO2603-P-8400,1484.4,1503.2,1517.2
2025-08-26,2025-08-26 09:44:14.500,MO2603-P-8400,1484.4,1503.2,1517.2
2025-08-26,2025-08-26 09:44:16.500,MO2603-P-8400,1484.4,1503.2,1517.2
2025-08-26,2025-08-26 09:44:17.500,MO2603-P-8400,1484.4,1503.2,1517.2
2025-08-26,2025-08-26 09:44:19.500,MO2603-P-8400,1484.4,1503.2,1517.2
2025-08-26,2025-08-26 09:44:20.500,MO2603-P-8400,1484.4,1503.2,1517.0
2025-08-26,2025-08-26 09:44:25.000,MO2603-P-8400,1484.4,1503.2,1517.0
2025-08-26,2025-08-26 09:44:28.500,MO2603-P-8400,1484.4,1505.6,1517.0
2025-08-26,2025-08-26 09:44:29.000,MO2603-P-8400,1484.4,1505.6,1517.6
2025-08-26,2025-08-26 09:44:29.500,MO2603-P-8400,1484.4,1505.6,1517.6
2025-08-26,2025-08-26 09:44:30.000,MO2603-P-8400,1484.4,1505.6,1517.6
2025-08-26,2025-08-26 09:44:30.500,MO2603-P-8400,1484.4,1505.6,1517.6
2025-08-26,2025-08-26 09:44:31.000,MO2603-P-8400,1484.4,1505.6,1518.0
2025-08-26,2025-08-26 09:44:31.500,MO2603-P-8400,1484.4,1505.6,1518.4
2025-08-26,2025-08-26 09:44:32.000,MO2603-P-8400,1484.4,1505.6,1518.6
2025-08-26,2025-08-26 09:44:32.500,MO2603-P-8400,1484.4,1505.6,1518.6
2025-08-26,2025-08-26 09:44:33.000,MO2603-P-8400,1484.4,1505.6,1518.6
2025-08-26,2025-08-26 09:44:33.500,MO2603-P-8400,1484.4,1505.6,1518.6
2025-08-26,2025-08-26 09:44:34.000,MO2603-P-8400,1484.4,1505.6,1518.6
2025-08-26,2025-08-26 09:44:34.500,MO2603-P-8400,1484.4,1505.6,1518.6
2025-08-26,2025-08-26 09:44:35.000,MO2603-P-8400,1484.4,1505.6,1518.6
2025-08-26,2025-08-26 09:44:36.000,MO2603-P-8400,1484.4,1505.6,1518.6
2025-08-26,2025-08-26 09:44:36.500,MO2603-P-8400,1484.4,1505.6,1518.6
2025-08-26,2025-08-26 09:44:37.500,MO2603-P-8400,1484.4,1505.6,1518.6
2025-08-26,2025-08-26 09:44:38.000,MO2603-P-8400,1484.4,1505.6,1518.6
2025-08-26,2025-08-26 09:44:39.000,MO2603-P-8400,1484.4,1505.6,1518.6
2025-08-26,2025-08-26 09:44:39.500,MO2603-P-8400,1484.4,1505.6,1518.6
2025-08-26,2025-08-26 09:44:42.000,MO2603-P-8400,1484.4,1505.6,1518.6
2025-08-26,2025-08-26 09:44:42.500,MO2603-P-8400,1484.4,1505.6,1518.6
2025-08-26,2025-08-26 09:44:44.500,MO2603-P-8400,1484.4,1505.6,1518.4
2025-08-26,2025-08-26 09:44:54.500,MO2603-P-8400,1484.4,1505.6,1518.2
2025-08-26,2025-08-26 09:45:01.000,MO2603-P-8400,1484.4,1505.6,1518.2
2025-08-26,2025-08-26 09:45:01.500,MO2603-P-8400,1484.4,1505.0,1518.2
2025-08-26,2025-08-26 09:45:02.500,MO2603-P-8400,1484.4,1505.0,1518.2
2025-08-26,2025-08-26 09:45:03.500,MO2603-P-8400,1484.4,1505.0,1518.2
2025-08-26,2025-08-26 09:45:04.000,MO2603-P-8400,1484.4,1505.0,1518.2
2025-08-26,2025-08-26 09:45:04.500,MO2603-P-8400,1484.4,1505.0,1518.0
2025-08-26,2025-08-26 09:45:05.000,MO2603-P-8400,1484.4,1505.0,1518.0
2025-08-26,2025-08-26 09:45:06.500,MO2603-P-8400,1484.4,1505.0,1518.0
2025-08-26,2025-08-26 09:45:07.000,MO2603-P-8400,1484.4,1505.0,1518.0
2025-08-26,2025-08-26 09:45:07.500,MO2603-P-8400,1484.4,1507.4,1518.8
2025-08-26,2025-08-26 09:45:08.000,MO2603-P-8400,1484.4,1507.4,1519.0
2025-08-26,2025-08-26 09:45:12.000,MO2603-P-8400,1484.4,1507.4,1519.0
2025-08-26,2025-08-26 09:45:16.000,MO2603-P-8400,1484.4,1507.4,1519.0
2025-08-26,2025-08-26 09:45:16.500,MO2603-P-8400,1484.4,1507.4,1519.0
2025-08-26,2025-08-26 09:45:17.000,MO2603-P-8400,1484.4,1507.4,1519.0
2025-08-26,2025-08-26 09:45:17.500,MO2603-P-8400,1484.4,1507.4,1519.2
2025-08-26,2025-08-26 09:45:18.000,MO2603-P-8400,1484.4,1507.4,1520.0
2025-08-26,2025-08-26 09:45:18.500,MO2603-P-8400,1484.4,1507.4,1521.2
2025-08-26,2025-08-26 09:45:19.000,MO2603-P-8400,1484.4,1507.4,1521.2
2025-08-26,2025-08-26 09:45:19.500,MO2603-P-8400,1484.4,1507.4,1521.2
2025-08-26,2025-08-26 09:45:20.000,MO2603-P-8400,1484.4,1507.4,1521.2
2025-08-26,2025-08-26 09:45:20.500,MO2603-P-8400,1484.4,1507.4,1521.2
2025-08-26,2025-08-26 09:45:21.500,MO2603-P-8400,1484.4,1507.4,1521.2
2025-08-26,2025-08-26 09:45:25.500,MO2603-P-8400,1484.4,1509.6,1521.2
2025-08-26,2025-08-26 09:45:26.000,MO2603-P-8400,1484.4,1509.6,1521.2
2025-08-26,2025-08-26 09:45:26.500,MO2603-P-8400,1484.4,1509.6,1521.2
2025-08-26,2025-08-26 09:45:27.000,MO2603-P-8400,1484.4,1509.6,1522.0
2025-08-26,2025-08-26 09:45:27.500,MO2603-P-8400,1484.4,1509.6,1522.6
2025-08-26,2025-08-26 09:45:28.000,MO2603-P-8400,1484.4,1509.6,1522.6
2025-08-26,2025-08-26 09:45:28.500,MO2603-P-8400,1484.4,1509.6,1523.2
2025-08-26,2025-08-26 09:45:29.000,MO2603-P-8400,1523.2,1512.0,1523.2
2025-08-26,2025-08-26 09:45:29.500,MO2603-P-8400,1523.2,1512.0,1524.6
2025-08-26,2025-08-26 09:45:30.000,MO2603-P-8400,1523.2,1512.0,1524.6
2025-08-26,2025-08-26 09:45:30.500,MO2603-P-8400,1523.2,1512.0,1524.6
2025-08-26,2025-08-26 09:45:31.000,MO2603-P-8400,1523.2,1512.0,1524.6
2025-08-26,2025-08-26 09:45:31.500,MO2603-P-8400,1523.2,1514.4,1524.6
2025-08-26,2025-08-26 09:45:32.000,MO2603-P-8400,1523.2,1514.4,1524.6
2025-08-26,2025-08-26 09:45:32.500,MO2603-P-8400,1523.2,1514.4,1524.6
2025-08-26,2025-08-26 09:45:33.500,MO2603-P-8400,1523.2,1514.4,1524.6
2025-08-26,2025-08-26 09:45:34.000,MO2603-P-8400,1523.2,1514.4,1524.6
2025-08-26,2025-08-26 09:45:34.500,MO2603-P-8400,1523.2,1514.4,1525.6
2025-08-26,2025-08-26 09:45:35.000,MO2603-P-8400,1523.2,1514.4,1525.8
2025-08-26,2025-08-26 09:45:35.500,MO2603-P-8400,1523.2,1514.4,1526.8
2025-08-26,2025-08-26 09:45:36.000,MO2603-P-8400,1523.2,1514.4,1526.8
2025-08-26,2025-08-26 09:45:36.500,MO2603-P-8400,1523.2,1514.4,1526.8
2025-08-26,2025-08-26 09:45:37.000,MO2603-P-8400,1523.2,1512.4,1526.4
2025-08-26,2025-08-26 09:45:37.500,MO2603-P-8400,1523.2,1512.4,1526.4
2025-08-26,2025-08-26 09:45:38.000,MO2603-P-8400,1523.2,1512.4,1526.4
2025-08-26,2025-08-26 09:45:39.000,MO2603-P-8400,1523.2,1512.4,1526.4
2025-08-26,2025-08-26 09:45:39.500,MO2603-P-8400,1523.2,1512.4,1526.4
2025-08-26,2025-08-26 09:45:40.000,MO2603-P-8400,1523.2,1512.4,1526.4
2025-08-26,2025-08-26 09:45:41.000,MO2603-P-8400,1523.2,1512.4,1526.4
2025-08-26,2025-08-26 09:45:41.500,MO2603-P-8400,1523.2,1514.8,1526.8
2025-08-26,2025-08-26 09:45:42.000,MO2603-P-8400,1523.2,1514.8,1526.8
2025-08-26,2025-08-26 09:45:44.500,MO2603-P-8400,1523.2,1514.8,1526.8
2025-08-26,2025-08-26 09:45:46.000,MO2603-P-8400,1523.2,1512.4,1526.4
2025-08-26,2025-08-26 09:45:46.500,MO2603-P-8400,1523.2,1512.4,1526.4
2025-08-26,2025-08-26 09:45:47.000,MO2603-P-8400,1523.2,1512.4,1526.4
2025-08-26,2025-08-26 09:45:49.000,MO2603-P-8400,1523.2,1512.4,1526.2
2025-08-26,2025-08-26 09:45:49.500,MO2603-P-8400,1523.2,1512.4,1526.2
2025-08-26,2025-08-26 09:45:50.000,MO2603-P-8400,1523.2,1512.4,1526.2
2025-08-26,2025-08-26 09:45:50.500,MO2603-P-8400,1523.2,1512.4,1526.2
2025-08-26,2025-08-26 09:45:51.000,MO2603-P-8400,1523.2,1512.4,1526.2
2025-08-26,2025-08-26 09:45:52.000,MO2603-P-8400,1523.2,1512.4,1526.2
2025-08-26,2025-08-26 09:45:53.000,MO2603-P-8400,1523.2,1512.4,1526.2
2025-08-26,2025-08-26 09:45:54.000,MO2603-P-8400,1523.2,1512.4,1526.2
2025-08-26,2025-08-26 09:45:54.500,MO2603-P-8400,1523.2,1510.6,1524.6
2025-08-26,2025-08-26 09:45:55.000,MO2603-P-8400,1523.2,1510.6,1524.6
2025-08-26,2025-08-26 09:45:55.500,MO2603-P-8400,1523.2,1510.6,1524.6
2025-08-26,2025-08-26 09:45:56.000,MO2603-P-8400,1523.2,1510.6,1524.6
2025-08-26,2025-08-26 09:45:57.000,MO2603-P-8400,1523.2,1510.6,1524.6
2025-08-26,2025-08-26 09:45:57.500,MO2603-P-8400,1523.2,1510.6,1524.6
2025-08-26,2025-08-26 09:46:01.000,MO2603-P-8400,1523.2,1510.6,1524.6
2025-08-26,2025-08-26 09:46:01.500,MO2603-P-8400,1523.2,1510.6,1524.6
2025-08-26,2025-08-26 09:46:02.500,MO2603-P-8400,1523.2,1509.8,1521.8
2025-08-26,2025-08-26 09:46:03.000,MO2603-P-8400,1523.2,1509.8,1521.8
2025-08-26,2025-08-26 09:46:03.500,MO2603-P-8400,1523.2,1509.8,1521.8
2025-08-26,2025-08-26 09:46:04.000,MO2603-P-8400,1523.2,1509.8,1521.8
2025-08-26,2025-08-26 09:46:04.500,MO2603-P-8400,1523.2,1510.8,1522.4
2025-08-26,2025-08-26 09:46:05.000,MO2603-P-8400,1523.2,1510.8,1522.4
2025-08-26,2025-08-26 09:46:06.500,MO2603-P-8400,1523.2,1510.8,1516.4
2025-08-26,2025-08-26 09:46:07.000,MO2603-P-8400,1523.2,1510.8,1516.4
2025-08-26,2025-08-26 09:46:09.000,MO2603-P-8400,1523.2,1509.2,1516.4
2025-08-26,2025-08-26 09:46:09.500,MO2603-P-8400,1523.2,1509.0,1516.4
2025-08-26,2025-08-26 09:46:10.000,MO2603-P-8400,1523.2,1508.2,1516.4
2025-08-26,2025-08-26 09:46:10.500,MO2603-P-8400,1523.2,1508.2,1516.4
2025-08-26,2025-08-26 09:46:11.000,MO2603-P-8400,1523.2,1508.2,1516.4
2025-08-26,2025-08-26 09:46:12.500,MO2603-P-8400,1523.2,1508.2,1516.4
2025-08-26,2025-08-26 09:46:13.000,MO2603-P-8400,1523.2,1508.2,1516.4
2025-08-26,2025-08-26 09:46:13.500,MO2603-P-8400,1523.2,1508.2,1516.4
2025-08-26,2025-08-26 09:46:14.000,MO2603-P-8400,1523.2,1508.2,1516.4
2025-08-26,2025-08-26 09:46:15.000,MO2603-P-8400,1523.2,1508.2,1516.4
2025-08-26,2025-08-26 09:46:15.500,MO2603-P-8400,1523.2,1508.2,1516.4
2025-08-26,2025-08-26 09:46:16.000,MO2603-P-8400,1523.2,1508.2,1516.4
2025-08-26,2025-08-26 09:46:19.500,MO2603-P-8400,1523.2,1508.2,1516.4
2025-08-26,2025-08-26 09:46:23.500,MO2603-P-8400,1523.2,1508.2,1516.4
2025-08-26,2025-08-26 09:46:24.000,MO2603-P-8400,1523.2,1508.2,1516.4
2025-08-26,2025-08-26 09:46:28.000,MO2603-P-8400,1523.2,1507.8,1516.4
2025-08-26,2025-08-26 09:46:28.500,MO2603-P-8400,1523.2,1505.8,1516.4
2025-08-26,2025-08-26 09:46:29.000,MO2603-P-8400,1523.2,1505.6,1516.4
2025-08-26,2025-08-26 09:46:29.500,MO2603-P-8400,1523.2,1505.6,1516.4
2025-08-26,2025-08-26 09:46:30.000,MO2603-P-8400,1523.2,1505.6,1516.4
2025-08-26,2025-08-26 09:46:40.000,MO2603-P-8400,1523.2,1505.6,1516.4
2025-08-26,2025-08-26 09:46:40.500,MO2603-P-8400,1523.2,1505.6,1516.4
2025-08-26,2025-08-26 09:46:41.000,MO2603-P-8400,1523.2,1505.6,1516.4
2025-08-26,2025-08-26 09:46:43.500,MO2603-P-8400,1523.2,1505.6,1516.4
2025-08-26,2025-08-26 09:46:44.000,MO2603-P-8400,1523.2,1505.6,1516.4
2025-08-26,2025-08-26 09:46:44.500,MO2603-P-8400,1523.2,1505.6,1516.4
2025-08-26,2025-08-26 09:46:45.000,MO2603-P-8400,1523.2,1505.4,1516.4
2025-08-26,2025-08-26 09:46:46.000,MO2603-P-8400,1523.2,1505.4,1516.4
2025-08-26,2025-08-26 09:46:47.000,MO2603-P-8400,1523.2,1505.0,1516.4
2025-08-26,2025-08-26 09:46:51.000,MO2603-P-8400,1523.2,1505.0,1516.4
2025-08-26,2025-08-26 09:46:52.000,MO2603-P-8400,1523.2,1507.4,1516.4
2025-08-26,2025-08-26 09:46:52.500,MO2603-P-8400,1523.2,1507.4,1516.4
2025-08-26,2025-08-26 09:46:53.000,MO2603-P-8400,1523.2,1507.4,1516.4
2025-08-26,2025-08-26 09:46:55.500,MO2603-P-8400,1523.2,1507.4,1516.4
2025-08-26,2025-08-26 09:47:03.500,MO2603-P-8400,1523.2,1509.6,1516.4
2025-08-26,2025-08-26 09:47:09.500,MO2603-P-8400,1523.2,1509.6,1516.4
2025-08-26,2025-08-26 09:47:10.000,MO2603-P-8400,1523.2,1509.6,1516.4
2025-08-26,2025-08-26 09:47:10.500,MO2603-P-8400,1523.2,1509.6,1516.4
2025-08-26,2025-08-26 09:47:12.500,MO2603-P-8400,1523.2,1509.6,1516.4
2025-08-26,2025-08-26 09:47:14.000,MO2603-P-8400,1523.2,1509.6,1516.4
2025-08-26,2025-08-26 09:47:14.500,MO2603-P-8400,1523.2,1509.6,1516.4
2025-08-26,2025-08-26 09:47:15.000,MO2603-P-8400,1523.2,1509.6,1516.4
2025-08-26,2025-08-26 09:47:15.500,MO2603-P-8400,1523.2,1509.6,1516.4
2025-08-26,2025-08-26 09:47:16.500,MO2603-P-8400,1523.2,1509.6,1516.4
2025-08-26,2025-08-26 09:47:19.000,MO2603-P-8400,1523.2,1509.6,1516.4
2025-08-26,2025-08-26 09:47:19.500,MO2603-P-8400,1523.2,1509.6,1516.4
2025-08-26,2025-08-26 09:47:20.000,MO2603-P-8400,1523.2,1509.6,1516.4
2025-08-26,2025-08-26 09:47:22.000,MO2603-P-8400,1523.2,1509.6,1516.4
2025-08-26,2025-08-26 09:47:23.000,MO2603-P-8400,1523.2,1509.6,1516.4
2025-08-26,2025-08-26 09:47:23.500,MO2603-P-8400,1523.2,1509.6,1516.4
2025-08-26,2025-08-26 09:47:24.000,MO2603-P-8400,1523.2,1509.6,1516.4
2025-08-26,2025-08-26 09:47:24.500,MO2603-P-8400,1523.2,1509.6,1516.4
2025-08-26,2025-08-26 09:47:25.500,MO2603-P-8400,1523.2,1509.6,1516.4
2025-08-26,2025-08-26 09:47:26.000,MO2603-P-8400,1523.2,1509.6,1516.4
2025-08-26,2025-08-26 09:47:26.500,MO2603-P-8400,1523.2,1509.6,1516.4
2025-08-26,2025-08-26 09:47:27.500,MO2603-P-8400,1523.2,1509.6,1516.4
2025-08-26,2025-08-26 09:47:28.000,MO2603-P-8400,1523.2,1509.6,1516.4
2025-08-26,2025-08-26 09:47:29.000,MO2603-P-8400,1523.2,1509.6,1516.4
2025-08-26,2025-08-26 09:47:29.500,MO2603-P-8400,1523.2,1509.6,1516.4
2025-08-26,2025-08-26 09:47:30.000,MO2603-P-8400,1523.2,1509.6,1516.4
2025-08-26,2025-08-26 09:47:39.000,MO2603-P-8400,1523.2,1507.0,1516.4
2025-08-26,2025-08-26 09:47:39.500,MO2603-P-8400,1523.2,1506.2,1516.4
2025-08-26,2025-08-26 09:47:40.000,MO2603-P-8400,1523.2,1506.2,1516.4
2025-08-26,2025-08-26 09:47:40.500,MO2603-P-8400,1523.2,1505.6,1516.4
2025-08-26,2025-08-26 09:47:55.500,MO2603-P-8400,1523.2,1505.6,1516.4
2025-08-26,2025-08-26 09:48:08.000,MO2603-P-8400,1523.2,1504.6,1516.4
2025-08-26,2025-08-26 09:48:08.500,MO2603-P-8400,1523.2,1504.0,1516.4
2025-08-26,2025-08-26 09:48:09.000,MO2603-P-8400,1523.2,1504.0,1516.4
2025-08-26,2025-08-26 09:48:09.500,MO2603-P-8400,1523.2,1504.0,1516.4
2025-08-26,2025-08-26 09:48:10.000,MO2603-P-8400,1523.2,1504.0,1516.4
2025-08-26,2025-08-26 09:48:10.500,MO2603-P-8400,1523.2,1503.8,1516.4
2025-08-26,2025-08-26 09:48:11.000,MO2603-P-8400,1523.2,1503.8,1516.4
2025-08-26,2025-08-26 09:48:11.500,MO2603-P-8400,1523.2,1503.8,1516.4
2025-08-26,2025-08-26 09:48:12.000,MO2603-P-8400,1523.2,1503.8,1516.4
2025-08-26,2025-08-26 09:48:12.500,MO2603-P-8400,1523.2,1503.8,1516.4
2025-08-26,2025-08-26 09:48:13.000,MO2603-P-8400,1523.2,1503.8,1516.4
2025-08-26,2025-08-26 09:48:22.000,MO2603-P-8400,1523.2,1503.4,1515.0
2025-08-26,2025-08-26 09:48:22.500,MO2603-P-8400,1523.2,1503.4,1515.0
2025-08-26,2025-08-26 09:48:23.000,MO2603-P-8400,1523.2,1503.4,1515.0
2025-08-26,2025-08-26 09:48:23.500,MO2603-P-8400,1523.2,1503.4,1507.0
2025-08-26,2025-08-26 09:48:24.000,MO2603-P-8400,1523.2,1501.2,1507.0
2025-08-26,2025-08-26 09:48:24.500,MO2603-P-8400,1523.2,1501.0,1507.0
2025-08-26,2025-08-26 09:48:25.000,MO2603-P-8400,1523.2,1501.0,1507.0
2025-08-26,2025-08-26 09:48:25.500,MO2603-P-8400,1523.2,1501.0,1507.0
2025-08-26,2025-08-26 09:48:26.000,MO2603-P-8400,1523.2,1501.0,1507.0
2025-08-26,2025-08-26 09:48:27.000,MO2603-P-8400,1523.2,1501.0,1507.0
2025-08-26,2025-08-26 09:48:29.000,MO2603-P-8400,1523.2,1501.0,1507.0
2025-08-26,2025-08-26 09:48:30.000,MO2603-P-8400,1523.2,1501.0,1507.0
2025-08-26,2025-08-26 09:48:36.500,MO2603-P-8400,1523.2,1501.0,1507.0
2025-08-26,2025-08-26 09:48:37.500,MO2603-P-8400,1523.2,1501.0,1507.0
2025-08-26,2025-08-26 09:48:38.000,MO2603-P-8400,1523.2,1501.0,1507.0
2025-08-26,2025-08-26 09:48:38.500,MO2603-P-8400,1523.2,1501.0,1507.0
2025-08-26,2025-08-26 09:48:39.000,MO2603-P-8400,1523.2,1501.0,1507.0
2025-08-26,2025-08-26 09:48:40.000,MO2603-P-8400,1523.2,1501.0,1507.0
2025-08-26,2025-08-26 09:48:40.500,MO2603-P-8400,1523.2,1501.0,1507.0
2025-08-26,2025-08-26 09:48:45.500,MO2603-P-8400,1523.2,1501.0,1507.0
2025-08-26,2025-08-26 09:48:47.000,MO2603-P-8400,1523.2,1501.0,1507.0
2025-08-26,2025-08-26 09:48:48.000,MO2603-P-8400,1523.2,1501.0,1507.0
2025-08-26,2025-08-26 09:48:49.000,MO2603-P-8400,1523.2,1501.0,1507.0
2025-08-26,2025-08-26 09:48:49.500,MO2603-P-8400,1523.2,1501.0,1507.0
2025-08-26,2025-08-26 09:48:50.000,MO2603-P-8400,1523.2,1501.0,1507.0
2025-08-26,2025-08-26 09:48:50.500,MO2603-P-8400,1523.2,1501.0,1507.0
2025-08-26,2025-08-26 09:48:53.500,MO2603-P-8400,1523.2,1501.0,1511.8
2025-08-26,2025-08-26 09:48:54.500,MO2603-P-8400,1523.2,1501.0,1510.6
2025-08-26,2025-08-26 09:48:55.500,MO2603-P-8400,1523.2,1501.0,1510.6
2025-08-26,2025-08-26 09:48:59.500,MO2603-P-8400,1523.2,1503.8,1510.6
2025-08-26,2025-08-26 09:49:00.000,MO2603-P-8400,1523.2,1503.8,1510.6
2025-08-26,2025-08-26 09:49:00.500,MO2603-P-8400,1523.2,1500.2,1511.8
2025-08-26,2025-08-26 09:49:01.000,MO2603-P-8400,1523.2,1503.8,1511.8
2025-08-26,2025-08-26 09:49:01.500,MO2603-P-8400,1523.2,1503.2,1511.8
2025-08-26,2025-08-26 09:49:02.000,MO2603-P-8400,1523.2,1503.2,1514.8
2025-08-26,2025-08-26 09:49:02.500,MO2603-P-8400,1523.2,1503.2,1515.6
2025-08-26,2025-08-26 09:49:03.000,MO2603-P-8400,1523.2,1503.2,1515.6
2025-08-26,2025-08-26 09:49:03.500,MO2603-P-8400,1523.2,1503.2,1515.6
2025-08-26,2025-08-26 09:49:04.000,MO2603-P-8400,1523.2,1500.4,1515.6
2025-08-26,2025-08-26 09:49:04.500,MO2603-P-8400,1523.2,1500.4,1516.8
2025-08-26,2025-08-26 09:49:05.000,MO2603-P-8400,1523.2,1500.4,1517.0
2025-08-26,2025-08-26 09:49:05.500,MO2603-P-8400,1523.2,1504.6,1510.8
2025-08-26,2025-08-26 09:49:06.000,MO2603-P-8400,1523.2,1504.6,1510.8
2025-08-26,2025-08-26 09:49:06.500,MO2603-P-8400,1523.2,1504.6,1510.8
2025-08-26,2025-08-26 09:49:07.000,MO2603-P-8400,1523.2,1504.6,1510.8
2025-08-26,2025-08-26 09:49:23.000,MO2603-P-8400,1523.2,1504.6,1510.8
2025-08-26,2025-08-26 09:49:48.500,MO2603-P-8400,1523.2,1502.6,1510.8
2025-08-26,2025-08-26 09:49:50.000,MO2603-P-8400,1523.2,1505.0,1510.8
2025-08-26,2025-08-26 09:50:10.000,MO2603-P-8400,1523.2,1502.6,1510.8
2025-08-26,2025-08-26 09:50:10.500,MO2603-P-8400,1523.2,1502.6,1510.8
2025-08-26,2025-08-26 09:50:11.000,MO2603-P-8400,1523.2,1502.6,1510.8
2025-08-26,2025-08-26 09:50:12.000,MO2603-P-8400,1523.2,1502.6,1510.8
2025-08-26,2025-08-26 09:50:12.500,MO2603-P-8400,1523.2,1502.6,1510.8
2025-08-26,2025-08-26 09:50:13.000,MO2603-P-8400,1523.2,1502.6,1510.8
2025-08-26,2025-08-26 09:50:13.500,MO2603-P-8400,1523.2,1502.6,1510.8
2025-08-26,2025-08-26 09:50:14.000,MO2603-P-8400,1523.2,1502.6,1510.8
2025-08-26,2025-08-26 09:50:14.500,MO2603-P-8400,1523.2,1499.8,1510.8
2025-08-26,2025-08-26 09:50:15.000,MO2603-P-8400,1523.2,1499.8,1510.8
2025-08-26,2025-08-26 09:50:21.500,MO2603-P-8400,1523.2,1499.8,1510.8
2025-08-26,2025-08-26 09:50:23.500,MO2603-P-8400,1523.2,1499.0,1510.8
2025-08-26,2025-08-26 09:50:24.000,MO2603-P-8400,1523.2,1499.0,1510.8
2025-08-26,2025-08-26 09:50:25.500,MO2603-P-8400,1523.2,1496.6,1510.8
2025-08-26,2025-08-26 09:50:26.000,MO2603-P-8400,1523.2,1496.6,1510.8
2025-08-26,2025-08-26 09:50:26.500,MO2603-P-8400,1523.2,1496.6,1510.8
2025-08-26,2025-08-26 09:50:28.000,MO2603-P-8400,1523.2,1498.0,1509.8
2025-08-26,2025-08-26 09:50:28.500,MO2603-P-8400,1523.2,1498.0,1509.8
2025-08-26,2025-08-26 09:50:29.000,MO2603-P-8400,1523.2,1498.0,1509.8
2025-08-26,2025-08-26 09:50:33.500,MO2603-P-8400,1523.2,1498.0,1506.8
2025-08-26,2025-08-26 09:50:34.000,MO2603-P-8400,1523.2,1498.0,1506.8
2025-08-26,2025-08-26 09:50:34.500,MO2603-P-8400,1523.2,1498.0,1506.8
2025-08-26,2025-08-26 09:50:35.000,MO2603-P-8400,1523.2,1498.0,1506.8
2025-08-26,2025-08-26 09:50:48.500,MO2603-P-8400,1523.2,1498.0,1506.8
2025-08-26,2025-08-26 09:51:05.000,MO2603-P-8400,1523.2,1496.6,1506.8
2025-08-26,2025-08-26 09:51:12.500,MO2603-P-8400,1523.2,1496.6,1506.8
2025-08-26,2025-08-26 09:51:13.000,MO2603-P-8400,1523.2,1496.6,1506.8
2025-08-26,2025-08-26 09:51:18.500,MO2603-P-8400,1523.2,1496.6,1506.8
2025-08-26,2025-08-26 09:51:19.000,MO2603-P-8400,1523.2,1496.6,1506.8
2025-08-26,2025-08-26 09:51:19.500,MO2603-P-8400,1523.2,1496.0,1506.8
2025-08-26,2025-08-26 09:51:20.000,MO2603-P-8400,1523.2,1496.0,1506.8
2025-08-26,2025-08-26 09:51:20.500,MO2603-P-8400,1523.2,1496.0,1506.8
2025-08-26,2025-08-26 09:51:21.000,MO2603-P-8400,1523.2,1496.0,1506.8
2025-08-26,2025-08-26 09:51:31.500,MO2603-P-8400,1523.2,1493.8,1505.8
2025-08-26,2025-08-26 09:51:32.000,MO2603-P-8400,1523.2,1493.8,1505.8
2025-08-26,2025-08-26 09:51:34.500,MO2603-P-8400,1523.2,1493.8,1505.8
2025-08-26,2025-08-26 09:51:36.500,MO2603-P-8400,1523.2,1493.8,1503.4
2025-08-26,2025-08-26 09:51:37.000,MO2603-P-8400,1523.2,1493.8,1503.4
2025-08-26,2025-08-26 09:51:37.500,MO2603-P-8400,1523.2,1493.8,1503.4
2025-08-26,2025-08-26 09:51:38.000,MO2603-P-8400,1523.2,1493.8,1503.4
2025-08-26,2025-08-26 09:51:38.500,MO2603-P-8400,1523.2,1493.8,1503.4
2025-08-26,2025-08-26 09:51:39.500,MO2603-P-8400,1523.2,1493.8,1503.4
2025-08-26,2025-08-26 09:51:47.500,MO2603-P-8400,1523.2,1493.8,1503.4
2025-08-26,2025-08-26 09:51:49.000,MO2603-P-8400,1523.2,1493.8,1503.4
2025-08-26,2025-08-26 09:51:50.500,MO2603-P-8400,1523.2,1493.8,1503.4
2025-08-26,2025-08-26 09:51:51.000,MO2603-P-8400,1523.2,1493.8,1503.4
2025-08-26,2025-08-26 09:51:51.500,MO2603-P-8400,1523.2,1493.8,1503.4
2025-08-26,2025-08-26 09:51:52.000,MO2603-P-8400,1523.2,1493.8,1503.4
2025-08-26,2025-08-26 09:51:52.500,MO2603-P-8400,1523.2,1493.8,1503.4
2025-08-26,2025-08-26 09:51:53.000,MO2603-P-8400,1523.2,1493.8,1503.4
2025-08-26,2025-08-26 09:51:53.500,MO2603-P-8400,1523.2,1493.8,1503.4
2025-08-26,2025-08-26 09:51:54.000,MO2603-P-8400,1523.2,1493.8,1503.4
2025-08-26,2025-08-26 09:51:54.500,MO2603-P-8400,1523.2,1493.8,1503.4
2025-08-26,2025-08-26 09:51:55.000,MO2603-P-8400,1523.2,1493.8,1503.4
2025-08-26,2025-08-26 09:51:55.500,MO2603-P-8400,1523.2,1493.8,1503.4
2025-08-26,2025-08-26 09:51:56.000,MO2603-P-8400,1523.2,1493.8,1503.4
2025-08-26,2025-08-26 09:51:56.500,MO2603-P-8400,1523.2,1493.8,1503.4
2025-08-26,2025-08-26 09:52:03.500,MO2603-P-8400,1523.2,1493.8,1503.4
2025-08-26,2025-08-26 09:52:04.000,MO2603-P-8400,1523.2,1493.8,1503.4
2025-08-26,2025-08-26 09:52:04.500,MO2603-P-8400,1523.2,1493.8,1503.4
2025-08-26,2025-08-26 09:52:05.000,MO2603-P-8400,1523.2,1493.8,1503.4
2025-08-26,2025-08-26 09:52:05.500,MO2603-P-8400,1523.2,1493.8,1503.4
2025-08-26,2025-08-26 09:52:06.000,MO2603-P-8400,1523.2,1493.8,1503.4
2025-08-26,2025-08-26 09:52:06.500,MO2603-P-8400,1523.2,1493.8,1503.4
2025-08-26,2025-08-26 09:52:07.000,MO2603-P-8400,1523.2,1493.8,1503.4
2025-08-26,2025-08-26 09:52:07.500,MO2603-P-8400,1523.2,1493.8,1503.4
2025-08-26,2025-08-26 09:52:08.000,MO2603-P-8400,1523.2,1493.8,1503.4
2025-08-26,2025-08-26 09:52:11.000,MO2603-P-8400,1523.2,1493.8,1503.4
2025-08-26,2025-08-26 09:52:11.500,MO2603-P-8400,1523.2,1493.8,1503.4
2025-08-26,2025-08-26 09:52:20.500,MO2603-P-8400,1523.2,1493.8,1503.4
2025-08-26,2025-08-26 09:52:21.000,MO2603-P-8400,1523.2,1493.8,1503.4
2025-08-26,2025-08-26 09:52:21.500,MO2603-P-8400,1523.2,1493.8,1503.4
2025-08-26,2025-08-26 09:52:22.000,MO2603-P-8400,1523.2,1493.8,1503.4
2025-08-26,2025-08-26 09:52:22.500,MO2603-P-8400,1523.2,1493.8,1503.4
2025-08-26,2025-08-26 09:52:23.000,MO2603-P-8400,1523.2,1493.8,1503.4
2025-08-26,2025-08-26 09:52:23.500,MO2603-P-8400,1523.2,1493.8,1503.4
2025-08-26,2025-08-26 09:52:24.000,MO2603-P-8400,1523.2,1493.8,1503.4
2025-08-26,2025-08-26 09:52:24.500,MO2603-P-8400,1523.2,1493.8,1503.4
2025-08-26,2025-08-26 09:52:25.000,MO2603-P-8400,1523.2,1493.8,1503.4
2025-08-26,2025-08-26 09:52:25.500,MO2603-P-8400,1523.2,1493.8,1503.4
2025-08-26,2025-08-26 09:52:26.000,MO2603-P-8400,1523.2,1493.8,1503.4
2025-08-26,2025-08-26 09:52:26.500,MO2603-P-8400,1523.2,1493.8,1503.4
2025-08-26,2025-08-26 09:52:27.000,MO2603-P-8400,1523.2,1493.8,1503.4
2025-08-26,2025-08-26 09:52:27.500,MO2603-P-8400,1523.2,1493.8,1503.4
2025-08-26,2025-08-26 09:52:28.000,MO2603-P-8400,1523.2,1493.8,1503.4
2025-08-26,2025-08-26 09:52:28.500,MO2603-P-8400,1523.2,1493.8,1503.4
2025-08-26,2025-08-26 09:52:33.000,MO2603-P-8400,1523.2,1493.8,1503.2
2025-08-26,2025-08-26 09:52:33.500,MO2603-P-8400,1523.2,1493.8,1503.2
2025-08-26,2025-08-26 09:52:34.000,MO2603-P-8400,1523.2,1493.8,1503.2
2025-08-26,2025-08-26 09:52:34.500,MO2603-P-8400,1523.2,1493.8,1503.2
2025-08-26,2025-08-26 09:52:35.000,MO2603-P-8400,1523.2,1493.2,1503.2
2025-08-26,2025-08-26 09:52:35.500,MO2603-P-8400,1523.2,1492.8,1503.2
2025-08-26,2025-08-26 09:52:36.000,MO2603-P-8400,1523.2,1492.8,1503.2
2025-08-26,2025-08-26 09:52:36.500,MO2603-P-8400,1523.2,1492.8,1499.8
2025-08-26,2025-08-26 09:52:37.000,MO2603-P-8400,1523.2,1492.8,1499.8
2025-08-26,2025-08-26 09:52:37.500,MO2603-P-8400,1523.2,1491.6,1499.8
2025-08-26,2025-08-26 09:52:38.000,MO2603-P-8400,1523.2,1491.6,1499.8
2025-08-26,2025-08-26 09:52:38.500,MO2603-P-8400,1523.2,1491.6,1499.8
2025-08-26,2025-08-26 09:52:39.000,MO2603-P-8400,1523.2,1491.6,1499.8
2025-08-26,2025-08-26 09:52:39.500,MO2603-P-8400,1523.2,1491.6,1499.8
2025-08-26,2025-08-26 09:52:40.000,MO2603-P-8400,1523.2,1491.6,1499.8
2025-08-26,2025-08-26 09:52:41.500,MO2603-P-8400,1523.2,1491.6,1499.8
2025-08-26,2025-08-26 09:52:46.000,MO2603-P-8400,1523.2,1491.6,1499.8
2025-08-26,2025-08-26 09:52:46.500,MO2603-P-8400,1523.2,1491.6,1499.8
2025-08-26,2025-08-26 09:52:50.000,MO2603-P-8400,1523.2,1491.6,1499.8
2025-08-26,2025-08-26 09:52:51.500,MO2603-P-8400,1523.2,1491.6,1499.8
2025-08-26,2025-08-26 09:52:52.000,MO2603-P-8400,1523.2,1491.6,1499.8
2025-08-26,2025-08-26 09:52:52.500,MO2603-P-8400,1523.2,1491.6,1499.8
2025-08-26,2025-08-26 09:52:53.000,MO2603-P-8400,1523.2,1491.6,1499.8
2025-08-26,2025-08-26 09:52:53.500,MO2603-P-8400,1523.2,1491.6,1499.8
2025-08-26,2025-08-26 09:52:55.000,MO2603-P-8400,1523.2,1491.6,1499.8
2025-08-26,2025-08-26 09:52:55.500,MO2603-P-8400,1523.2,1491.6,1499.8
2025-08-26,2025-08-26 09:52:56.500,MO2603-P-8400,1523.2,1491.6,1499.8
2025-08-26,2025-08-26 09:53:01.500,MO2603-P-8400,1523.2,1491.6,1499.8
2025-08-26,2025-08-26 09:53:02.000,MO2603-P-8400,1523.2,1491.6,1499.8
2025-08-26,2025-08-26 09:53:03.000,MO2603-P-8400,1523.2,1491.6,1499.8
2025-08-26,2025-08-26 09:53:03.500,MO2603-P-8400,1523.2,1491.6,1499.8
2025-08-26,2025-08-26 09:53:04.000,MO2603-P-8400,1523.2,1491.6,1499.8
2025-08-26,2025-08-26 09:53:07.500,MO2603-P-8400,1523.2,1491.6,1499.8
2025-08-26,2025-08-26 09:53:08.000,MO2603-P-8400,1523.2,1491.6,1499.8
2025-08-26,2025-08-26 09:53:08.500,MO2603-P-8400,1523.2,1491.6,1499.8
2025-08-26,2025-08-26 09:53:14.500,MO2603-P-8400,1523.2,1491.6,1499.8
2025-08-26,2025-08-26 09:53:15.000,MO2603-P-8400,1523.2,1491.6,1499.8
2025-08-26,2025-08-26 09:53:15.500,MO2603-P-8400,1523.2,1491.6,1499.8
2025-08-26,2025-08-26 09:53:16.000,MO2603-P-8400,1523.2,1491.6,1499.8
2025-08-26,2025-08-26 09:53:16.500,MO2603-P-8400,1523.2,1491.6,1499.8
2025-08-26,2025-08-26 09:53:17.000,MO2603-P-8400,1523.2,1491.6,1499.8
2025-08-26,2025-08-26 09:53:18.500,MO2603-P-8400,1523.2,1491.6,1499.8
2025-08-26,2025-08-26 09:53:19.000,MO2603-P-8400,1523.2,1491.6,1499.8
2025-08-26,2025-08-26 09:53:19.500,MO2603-P-8400,1523.2,1491.6,1499.8
2025-08-26,2025-08-26 09:53:20.000,MO2603-P-8400,1523.2,1491.6,1499.8
2025-08-26,2025-08-26 09:53:20.500,MO2603-P-8400,1523.2,1491.6,1499.8
2025-08-26,2025-08-26 09:53:22.500,MO2603-P-8400,1523.2,1491.6,1499.8
2025-08-26,2025-08-26 09:53:23.000,MO2603-P-8400,1523.2,1491.6,1499.8
2025-08-26,2025-08-26 09:53:27.000,MO2603-P-8400,1523.2,1491.6,1499.8
2025-08-26,2025-08-26 09:53:27.500,MO2603-P-8400,1523.2,1491.6,1499.8
2025-08-26,2025-08-26 09:53:28.500,MO2603-P-8400,1523.2,1491.6,1499.8
2025-08-26,2025-08-26 09:53:29.000,MO2603-P-8400,1523.2,1491.6,1499.8
2025-08-26,2025-08-26 09:53:29.500,MO2603-P-8400,1523.2,1491.6,1499.8
2025-08-26,2025-08-26 09:53:53.500,MO2603-P-8400,1523.2,1491.6,1499.8
2025-08-26,2025-08-26 09:53:54.000,MO2603-P-8400,1523.2,1491.6,1499.8
2025-08-26,2025-08-26 09:53:54.500,MO2603-P-8400,1523.2,1491.6,1499.8
2025-08-26,2025-08-26 09:53:58.500,MO2603-P-8400,1523.2,1489.8,1499.8
2025-08-26,2025-08-26 09:53:59.000,MO2603-P-8400,1523.2,1489.6,1499.8
2025-08-26,2025-08-26 09:53:59.500,MO2603-P-8400,1523.2,1489.6,1499.8
2025-08-26,2025-08-26 09:54:00.000,MO2603-P-8400,1523.2,1489.6,1499.8
2025-08-26,2025-08-26 09:54:01.000,MO2603-P-8400,1523.2,1489.6,1499.8
2025-08-26,2025-08-26 09:54:10.000,MO2603-P-8400,1523.2,1489.6,1499.8
2025-08-26,2025-08-26 09:54:12.000,MO2603-P-8400,1523.2,1489.6,1499.8
2025-08-26,2025-08-26 09:54:13.000,MO2603-P-8400,1523.2,1489.6,1499.8
2025-08-26,2025-08-26 09:54:13.500,MO2603-P-8400,1523.2,1489.6,1499.8
2025-08-26,2025-08-26 09:54:18.500,MO2603-P-8400,1523.2,1489.6,1499.8
2025-08-26,2025-08-26 09:54:20.500,MO2603-P-8400,1523.2,1489.0,1499.2
2025-08-26,2025-08-26 09:54:21.000,MO2603-P-8400,1523.2,1488.6,1499.2
2025-08-26,2025-08-26 09:54:21.500,MO2603-P-8400,1523.2,1488.6,1499.2
2025-08-26,2025-08-26 09:54:22.000,MO2603-P-8400,1523.2,1488.6,1499.2
2025-08-26,2025-08-26 09:54:22.500,MO2603-P-8400,1523.2,1488.6,1499.2
2025-08-26,2025-08-26 09:54:23.000,MO2603-P-8400,1523.2,1488.0,1499.2
2025-08-26,2025-08-26 09:54:23.500,MO2603-P-8400,1523.2,1487.6,1499.2
2025-08-26,2025-08-26 09:54:24.000,MO2603-P-8400,1523.2,1487.6,1499.2
2025-08-26,2025-08-26 09:54:24.500,MO2603-P-8400,1523.2,1487.6,1492.0
2025-08-26,2025-08-26 09:54:25.000,MO2603-P-8400,1523.2,1487.6,1492.0
2025-08-26,2025-08-26 09:54:25.500,MO2603-P-8400,1523.2,1487.4,1492.0
2025-08-26,2025-08-26 09:54:26.000,MO2603-P-8400,1523.2,1487.4,1492.0
2025-08-26,2025-08-26 09:54:26.500,MO2603-P-8400,1523.2,1487.4,1492.0
2025-08-26,2025-08-26 09:54:27.000,MO2603-P-8400,1523.2,1487.4,1492.0
2025-08-26,2025-08-26 09:54:29.000,MO2603-P-8400,1523.2,1487.4,1492.0
2025-08-26,2025-08-26 09:54:32.500,MO2603-P-8400,1523.2,1487.4,1492.0
2025-08-26,2025-08-26 09:54:34.500,MO2603-P-8400,1523.2,1487.4,1492.0
2025-08-26,2025-08-26 09:54:39.000,MO2603-P-8400,1523.2,1487.4,1492.0
2025-08-26,2025-08-26 09:54:39.500,MO2603-P-8400,1523.2,1487.4,1492.0
2025-08-26,2025-08-26 09:54:40.000,MO2603-P-8400,1523.2,1487.4,1492.0
2025-08-26,2025-08-26 09:54:40.500,MO2603-P-8400,1523.2,1487.4,1492.0
2025-08-26,2025-08-26 09:54:41.000,MO2603-P-8400,1523.2,1487.4,1492.0
2025-08-26,2025-08-26 09:54:41.500,MO2603-P-8400,1523.2,1487.4,1492.0
2025-08-26,2025-08-26 09:54:42.000,MO2603-P-8400,1523.2,1487.4,1492.0
2025-08-26,2025-08-26 09:54:42.500,MO2603-P-8400,1523.2,1487.4,1492.0
2025-08-26,2025-08-26 09:54:43.000,MO2603-P-8400,1523.2,1487.4,1492.0
2025-08-26,2025-08-26 09:54:43.500,MO2603-P-8400,1523.2,1487.4,1492.0
2025-08-26,2025-08-26 09:54:44.000,MO2603-P-8400,1523.2,1487.4,1492.0
2025-08-26,2025-08-26 09:54:44.500,MO2603-P-8400,1523.2,1487.4,1492.0
2025-08-26,2025-08-26 09:54:45.000,MO2603-P-8400,1523.2,1487.4,1492.0
2025-08-26,2025-08-26 09:54:45.500,MO2603-P-8400,1523.2,1487.4,1492.0
2025-08-26,2025-08-26 09:54:46.000,MO2603-P-8400,1523.2,1487.4,1492.0
2025-08-26,2025-08-26 09:54:46.500,MO2603-P-8400,1523.2,1487.4,1492.0
2025-08-26,2025-08-26 09:54:47.000,MO2603-P-8400,1523.2,1487.4,1492.0
2025-08-26,2025-08-26 09:54:47.500,MO2603-P-8400,1523.2,1487.4,1492.0
2025-08-26,2025-08-26 09:54:48.000,MO2603-P-8400,1523.2,1487.4,1492.0
2025-08-26,2025-08-26 09:54:48.500,MO2603-P-8400,1523.2,1487.4,1492.0
2025-08-26,2025-08-26 09:54:49.000,MO2603-P-8400,1523.2,1487.4,1492.0
2025-08-26,2025-08-26 09:54:49.500,MO2603-P-8400,1523.2,1487.4,1492.0
2025-08-26,2025-08-26 09:54:50.000,MO2603-P-8400,1523.2,1487.4,1492.0
2025-08-26,2025-08-26 09:54:50.500,MO2603-P-8400,1523.2,1487.4,1492.0
2025-08-26,2025-08-26 09:54:51.000,MO2603-P-8400,1523.2,1487.4,1492.0
2025-08-26,2025-08-26 09:54:51.500,MO2603-P-8400,1523.2,1487.4,1492.0
2025-08-26,2025-08-26 09:54:52.000,MO2603-P-8400,1523.2,1487.4,1492.0
2025-08-26,2025-08-26 09:54:52.500,MO2603-P-8400,1523.2,1487.4,1492.0
2025-08-26,2025-08-26 09:54:53.000,MO2603-P-8400,1523.2,1487.4,1492.0
2025-08-26,2025-08-26 09:54:53.500,MO2603-P-8400,1523.2,1487.4,1492.0
2025-08-26,2025-08-26 09:54:54.000,MO2603-P-8400,1523.2,1487.4,1492.0
2025-08-26,2025-08-26 09:54:54.500,MO2603-P-8400,1523.2,1487.4,1492.0
2025-08-26,2025-08-26 09:54:55.000,MO2603-P-8400,1523.2,1487.4,1492.0
2025-08-26,2025-08-26 09:54:55.500,MO2603-P-8400,1523.2,1487.4,1492.0
2025-08-26,2025-08-26 09:54:56.000,MO2603-P-8400,1523.2,1487.4,1492.0
2025-08-26,2025-08-26 09:54:56.500,MO2603-P-8400,1523.2,1487.4,1492.0
2025-08-26,2025-08-26 09:54:57.000,MO2603-P-8400,1523.2,1487.4,1492.0
2025-08-26,2025-08-26 09:54:57.500,MO2603-P-8400,1523.2,1487.4,1492.0
2025-08-26,2025-08-26 09:54:58.000,MO2603-P-8400,1523.2,1487.4,1492.0
2025-08-26,2025-08-26 09:54:58.500,MO2603-P-8400,1523.2,1487.4,1492.0
2025-08-26,2025-08-26 09:54:59.000,MO2603-P-8400,1523.2,1487.4,1492.0
2025-08-26,2025-08-26 09:54:59.500,MO2603-P-8400,1523.2,1487.4,1492.0
2025-08-26,2025-08-26 09:55:00.000,MO2603-P-8400,1523.2,1487.4,1492.0
2025-08-26,2025-08-26 09:55:00.500,MO2603-P-8400,1523.2,1487.4,1492.0
2025-08-26,2025-08-26 09:55:01.000,MO2603-P-8400,1523.2,1487.4,1492.0
2025-08-26,2025-08-26 09:55:01.500,MO2603-P-8400,1523.2,1487.4,1492.0
2025-08-26,2025-08-26 09:55:02.000,MO2603-P-8400,1523.2,1487.4,1492.0
2025-08-26,2025-08-26 09:55:02.500,MO2603-P-8400,1523.2,1487.4,1492.0
2025-08-26,2025-08-26 09:55:03.000,MO2603-P-8400,1523.2,1487.4,1492.0
2025-08-26,2025-08-26 09:55:03.500,MO2603-P-8400,1523.2,1487.4,1492.0
2025-08-26,2025-08-26 09:55:04.000,MO2603-P-8400,1523.2,1487.4,1492.0
2025-08-26,2025-08-26 09:55:04.500,MO2603-P-8400,1523.2,1487.4,1492.0
2025-08-26,2025-08-26 09:55:05.000,MO2603-P-8400,1523.2,1487.4,1492.0
2025-08-26,2025-08-26 09:55:06.000,MO2603-P-8400,1523.2,1487.4,1492.0
2025-08-26,2025-08-26 09:55:06.500,MO2603-P-8400,1523.2,1487.4,1492.0
2025-08-26,2025-08-26 09:55:12.500,MO2603-P-8400,1523.2,1485.2,1492.0
2025-08-26,2025-08-26 09:55:13.000,MO2603-P-8400,1523.2,1485.2,1492.0
2025-08-26,2025-08-26 09:55:13.500,MO2603-P-8400,1523.2,1485.2,1492.0
2025-08-26,2025-08-26 09:55:14.000,MO2603-P-8400,1523.2,1485.2,1492.0
2025-08-26,2025-08-26 09:55:14.500,MO2603-P-8400,1523.2,1484.8,1492.0
2025-08-26,2025-08-26 09:55:15.000,MO2603-P-8400,1523.2,1484.8,1492.0
2025-08-26,2025-08-26 09:55:15.500,MO2603-P-8400,1523.2,1484.8,1492.0
2025-08-26,2025-08-26 09:55:17.000,MO2603-P-8400,1523.2,1484.8,1492.0
2025-08-26,2025-08-26 09:55:17.500,MO2603-P-8400,1523.2,1484.8,1492.0
2025-08-26,2025-08-26 09:55:24.500,MO2603-P-8400,1523.2,1482.8,1492.0
2025-08-26,2025-08-26 09:55:25.000,MO2603-P-8400,1523.2,1482.8,1492.0
2025-08-26,2025-08-26 09:55:25.500,MO2603-P-8400,1523.2,1482.8,1492.0
2025-08-26,2025-08-26 09:55:26.500,MO2603-P-8400,1523.2,1482.6,1492.0
2025-08-26,2025-08-26 09:55:27.000,MO2603-P-8400,1523.2,1482.6,1492.0
2025-08-26,2025-08-26 09:55:27.500,MO2603-P-8400,1523.2,1482.6,1492.0
2025-08-26,2025-08-26 09:55:28.500,MO2603-P-8400,1523.2,1482.6,1492.0
2025-08-26,2025-08-26 09:55:36.000,MO2603-P-8400,1523.2,1482.6,1492.0
2025-08-26,2025-08-26 09:55:42.000,MO2603-P-8400,1523.2,1482.2,1492.0
2025-08-26,2025-08-26 09:55:42.500,MO2603-P-8400,1523.2,1482.0,1492.0
2025-08-26,2025-08-26 09:55:43.000,MO2603-P-8400,1523.2,1482.0,1492.0
2025-08-26,2025-08-26 09:55:44.500,MO2603-P-8400,1523.2,1481.4,1492.0
2025-08-26,2025-08-26 09:55:45.000,MO2603-P-8400,1523.2,1480.4,1492.0
2025-08-26,2025-08-26 09:55:45.500,MO2603-P-8400,1523.2,1480.4,1492.0
2025-08-26,2025-08-26 09:55:46.000,MO2603-P-8400,1523.2,1480.4,1492.0
2025-08-26,2025-08-26 09:55:46.500,MO2603-P-8400,1523.2,1480.4,1491.8
2025-08-26,2025-08-26 09:55:47.000,MO2603-P-8400,1523.2,1480.4,1491.8
2025-08-26,2025-08-26 09:55:47.500,MO2603-P-8400,1523.2,1480.4,1491.8
2025-08-26,2025-08-26 09:55:48.000,MO2603-P-8400,1523.2,1480.4,1491.8
2025-08-26,2025-08-26 09:55:48.500,MO2603-P-8400,1523.2,1480.4,1491.8
2025-08-26,2025-08-26 09:55:49.000,MO2603-P-8400,1523.2,1480.4,1488.6
2025-08-26,2025-08-26 09:55:49.500,MO2603-P-8400,1523.2,1480.4,1488.6
2025-08-26,2025-08-26 09:55:58.000,MO2603-P-8400,1523.2,1480.4,1488.6
2025-08-26,2025-08-26 09:55:59.000,MO2603-P-8400,1523.2,1480.4,1488.6
2025-08-26,2025-08-26 09:55:59.500,MO2603-P-8400,1523.2,1480.4,1488.6
2025-08-26,2025-08-26 09:56:00.000,MO2603-P-8400,1523.2,1480.4,1488.6
2025-08-26,2025-08-26 09:56:00.500,MO2603-P-8400,1523.2,1480.4,1488.6
2025-08-26,2025-08-26 09:56:01.000,MO2603-P-8400,1523.2,1480.4,1488.6
2025-08-26,2025-08-26 09:56:01.500,MO2603-P-8400,1523.2,1480.4,1488.6
2025-08-26,2025-08-26 09:56:03.500,MO2603-P-8400,1523.2,1480.4,1488.6
2025-08-26,2025-08-26 09:56:04.000,MO2603-P-8400,1523.2,1478.8,1488.6
2025-08-26,2025-08-26 09:56:04.500,MO2603-P-8400,1523.2,1478.8,1488.6
2025-08-26,2025-08-26 09:56:05.000,MO2603-P-8400,1523.2,1478.8,1488.6
2025-08-26,2025-08-26 09:56:05.500,MO2603-P-8400,1523.2,1478.8,1488.6
2025-08-26,2025-08-26 09:56:06.000,MO2603-P-8400,1523.2,1478.0,1488.6
2025-08-26,2025-08-26 09:56:06.500,MO2603-P-8400,1523.2,1478.0,1488.6
2025-08-26,2025-08-26 09:56:09.000,MO2603-P-8400,1523.2,1478.0,1488.6
2025-08-26,2025-08-26 09:56:09.500,MO2603-P-8400,1523.2,1478.0,1488.6
2025-08-26,2025-08-26 09:56:10.000,MO2603-P-8400,1523.2,1478.0,1488.6
2025-08-26,2025-08-26 09:56:10.500,MO2603-P-8400,1523.2,1478.0,1488.6
2025-08-26,2025-08-26 09:56:11.000,MO2603-P-8400,1523.2,1478.0,1488.6
2025-08-26,2025-08-26 09:56:11.500,MO2603-P-8400,1523.2,1478.0,1488.4
2025-08-26,2025-08-26 09:56:12.000,MO2603-P-8400,1523.2,1478.0,1488.4
2025-08-26,2025-08-26 09:56:12.500,MO2603-P-8400,1523.2,1478.0,1488.4
2025-08-26,2025-08-26 09:56:13.000,MO2603-P-8400,1523.2,1478.0,1488.4
2025-08-26,2025-08-26 09:56:13.500,MO2603-P-8400,1523.2,1478.0,1488.4
2025-08-26,2025-08-26 09:56:15.500,MO2603-P-8400,1523.2,1478.0,1483.2
2025-08-26,2025-08-26 09:56:16.000,MO2603-P-8400,1523.2,1478.0,1483.2
2025-08-26,2025-08-26 09:56:17.500,MO2603-P-8400,1523.2,1478.0,1483.2
2025-08-26,2025-08-26 09:56:18.000,MO2603-P-8400,1523.2,1476.6,1483.2
2025-08-26,2025-08-26 09:56:18.500,MO2603-P-8400,1523.2,1476.6,1483.2
2025-08-26,2025-08-26 09:56:19.000,MO2603-P-8400,1523.2,1475.8,1483.2
2025-08-26,2025-08-26 09:56:19.500,MO2603-P-8400,1523.2,1475.8,1483.2
2025-08-26,2025-08-26 09:56:20.000,MO2603-P-8400,1523.2,1475.8,1483.2
2025-08-26,2025-08-26 09:56:20.500,MO2603-P-8400,1523.2,1475.8,1483.2
2025-08-26,2025-08-26 09:56:21.000,MO2603-P-8400,1523.2,1475.8,1483.2
2025-08-26,2025-08-26 09:56:21.500,MO2603-P-8400,1523.2,1475.8,1483.2
2025-08-26,2025-08-26 09:56:22.500,MO2603-P-8400,1523.2,1475.8,1483.2
2025-08-26,2025-08-26 09:56:23.000,MO2603-P-8400,1523.2,1477.4,1483.2
2025-08-26,2025-08-26 09:56:23.500,MO2603-P-8400,1523.2,1477.4,1483.2
2025-08-26,2025-08-26 09:56:24.500,MO2603-P-8400,1523.2,1475.4,1483.2
2025-08-26,2025-08-26 09:56:25.000,MO2603-P-8400,1523.2,1475.4,1483.2
2025-08-26,2025-08-26 09:56:25.500,MO2603-P-8400,1523.2,1475.4,1483.2
2025-08-26,2025-08-26 09:56:26.000,MO2603-P-8400,1523.2,1475.4,1483.2
2025-08-26,2025-08-26 09:56:26.500,MO2603-P-8400,1523.2,1475.4,1483.2
2025-08-26,2025-08-26 09:56:27.000,MO2603-P-8400,1523.2,1475.4,1483.2
2025-08-26,2025-08-26 09:56:27.500,MO2603-P-8400,1523.2,1475.4,1483.2
2025-08-26,2025-08-26 09:56:33.500,MO2603-P-8400,1523.2,1475.4,1487.0
2025-08-26,2025-08-26 09:56:34.000,MO2603-P-8400,1523.2,1475.4,1487.0
2025-08-26,2025-08-26 09:56:44.000,MO2603-P-8400,1523.2,1475.4,1486.8
2025-08-26,2025-08-26 09:56:46.500,MO2603-P-8400,1523.2,1475.4,1486.8
2025-08-26,2025-08-26 09:56:47.000,MO2603-P-8400,1523.2,1475.4,1486.8
2025-08-26,2025-08-26 09:56:48.000,MO2603-P-8400,1523.2,1475.4,1486.8
2025-08-26,2025-08-26 09:56:48.500,MO2603-P-8400,1523.2,1475.4,1486.8
2025-08-26,2025-08-26 09:56:49.000,MO2603-P-8400,1523.2,1475.4,1486.8
2025-08-26,2025-08-26 09:56:50.500,MO2603-P-8400,1523.2,1475.4,1486.6
2025-08-26,2025-08-26 09:56:51.000,MO2603-P-8400,1523.2,1475.4,1486.6
2025-08-26,2025-08-26 09:56:51.500,MO2603-P-8400,1523.2,1475.4,1486.6
2025-08-26,2025-08-26 09:56:56.000,MO2603-P-8400,1523.2,1475.4,1486.6
2025-08-26,2025-08-26 09:56:57.500,MO2603-P-8400,1523.2,1475.4,1486.6
2025-08-26,2025-08-26 09:56:58.000,MO2603-P-8400,1523.2,1475.4,1486.6
2025-08-26,2025-08-26 09:56:58.500,MO2603-P-8400,1523.2,1475.4,1486.6
2025-08-26,2025-08-26 09:56:59.000,MO2603-P-8400,1523.2,1475.4,1486.6
2025-08-26,2025-08-26 09:56:59.500,MO2603-P-8400,1523.2,1475.4,1486.6
2025-08-26,2025-08-26 09:57:00.000,MO2603-P-8400,1523.2,1475.4,1486.6
2025-08-26,2025-08-26 09:57:00.500,MO2603-P-8400,1523.2,1475.4,1486.6
2025-08-26,2025-08-26 09:57:01.000,MO2603-P-8400,1523.2,1475.4,1486.6
2025-08-26,2025-08-26 09:57:01.500,MO2603-P-8400,1523.2,1475.4,1486.6
2025-08-26,2025-08-26 09:57:02.000,MO2603-P-8400,1523.2,1477.4,1486.6
2025-08-26,2025-08-26 09:57:02.500,MO2603-P-8400,1523.2,1477.4,1486.6
2025-08-26,2025-08-26 09:57:03.000,MO2603-P-8400,1523.2,1477.4,1486.6
2025-08-26,2025-08-26 09:57:03.500,MO2603-P-8400,1523.2,1477.4,1486.6
2025-08-26,2025-08-26 09:57:04.000,MO2603-P-8400,1523.2,1477.4,1486.6
2025-08-26,2025-08-26 09:57:04.500,MO2603-P-8400,1523.2,1477.4,1486.6
2025-08-26,2025-08-26 09:57:05.000,MO2603-P-8400,1523.2,1477.4,1486.6
2025-08-26,2025-08-26 09:57:05.500,MO2603-P-8400,1523.2,1477.4,1486.6
2025-08-26,2025-08-26 09:57:06.000,MO2603-P-8400,1523.2,1477.4,1486.6
2025-08-26,2025-08-26 09:57:06.500,MO2603-P-8400,1523.2,1477.4,1486.6
2025-08-26,2025-08-26 09:57:07.000,MO2603-P-8400,1523.2,1477.4,1486.6
2025-08-26,2025-08-26 09:57:07.500,MO2603-P-8400,1523.2,1477.4,1486.6
2025-08-26,2025-08-26 09:57:08.000,MO2603-P-8400,1523.2,1477.4,1486.6
2025-08-26,2025-08-26 09:57:08.500,MO2603-P-8400,1523.2,1477.4,1486.6
2025-08-26,2025-08-26 09:57:09.000,MO2603-P-8400,1523.2,1477.4,1486.4
2025-08-26,2025-08-26 09:57:11.500,MO2603-P-8400,1523.2,1477.4,1486.4
2025-08-26,2025-08-26 09:57:12.500,MO2603-P-8400,1523.2,1477.4,1486.4
2025-08-26,2025-08-26 09:57:18.000,MO2603-P-8400,1523.2,1477.4,1486.4
2025-08-26,2025-08-26 09:57:19.000,MO2603-P-8400,1523.2,1477.4,1486.2
2025-08-26,2025-08-26 09:57:24.000,MO2603-P-8400,1523.2,1477.4,1486.2
2025-08-26,2025-08-26 09:57:24.500,MO2603-P-8400,1523.2,1477.4,1486.2
2025-08-26,2025-08-26 09:57:25.500,MO2603-P-8400,1523.2,1476.8,1486.2
2025-08-26,2025-08-26 09:57:26.000,MO2603-P-8400,1523.2,1476.8,1486.2
2025-08-26,2025-08-26 09:57:26.500,MO2603-P-8400,1523.2,1476.8,1486.2
2025-08-26,2025-08-26 09:57:27.000,MO2603-P-8400,1523.2,1476.8,1486.2
2025-08-26,2025-08-26 09:57:27.500,MO2603-P-8400,1523.2,1476.8,1486.2
2025-08-26,2025-08-26 09:57:28.000,MO2603-P-8400,1523.2,1476.8,1486.2
2025-08-26,2025-08-26 09:57:28.500,MO2603-P-8400,1523.2,1476.8,1486.2
2025-08-26,2025-08-26 09:57:29.000,MO2603-P-8400,1523.2,1476.8,1486.0
2025-08-26,2025-08-26 09:57:29.500,MO2603-P-8400,1523.2,1476.8,1486.0
2025-08-26,2025-08-26 09:57:30.000,MO2603-P-8400,1523.2,1476.8,1486.0
2025-08-26,2025-08-26 09:57:30.500,MO2603-P-8400,1523.2,1476.8,1486.0
2025-08-26,2025-08-26 09:57:31.000,MO2603-P-8400,1523.2,1476.8,1486.0
2025-08-26,2025-08-26 09:57:31.500,MO2603-P-8400,1523.2,1476.8,1486.0
2025-08-26,2025-08-26 09:57:32.000,MO2603-P-8400,1523.2,1476.8,1486.0
2025-08-26,2025-08-26 09:57:32.500,MO2603-P-8400,1523.2,1476.8,1486.0
2025-08-26,2025-08-26 09:57:33.000,MO2603-P-8400,1523.2,1476.8,1488.2
2025-08-26,2025-08-26 09:57:33.500,MO2603-P-8400,1523.2,1476.8,1488.2
2025-08-26,2025-08-26 09:57:34.000,MO2603-P-8400,1523.2,1476.8,1488.2
2025-08-26,2025-08-26 09:57:34.500,MO2603-P-8400,1523.2,1476.8,1488.2
2025-08-26,2025-08-26 09:57:35.000,MO2603-P-8400,1523.2,1476.8,1488.2
2025-08-26,2025-08-26 09:57:35.500,MO2603-P-8400,1523.2,1476.8,1488.2
2025-08-26,2025-08-26 09:57:36.000,MO2603-P-8400,1523.2,1476.8,1488.2
2025-08-26,2025-08-26 09:57:36.500,MO2603-P-8400,1523.2,1476.8,1488.2
2025-08-26,2025-08-26 09:57:37.000,MO2603-P-8400,1523.2,1476.8,1488.2
2025-08-26,2025-08-26 09:57:37.500,MO2603-P-8400,1523.2,1476.8,1488.2
2025-08-26,2025-08-26 09:57:38.500,MO2603-P-8400,1523.2,1476.8,1488.2
2025-08-26,2025-08-26 09:57:39.000,MO2603-P-8400,1523.2,1476.8,1488.2
2025-08-26,2025-08-26 09:57:39.500,MO2603-P-8400,1523.2,1476.8,1488.2
2025-08-26,2025-08-26 09:57:40.000,MO2603-P-8400,1523.2,1476.8,1488.2
2025-08-26,2025-08-26 09:57:40.500,MO2603-P-8400,1523.2,1476.8,1488.2
2025-08-26,2025-08-26 09:57:41.000,MO2603-P-8400,1523.2,1476.8,1488.2
2025-08-26,2025-08-26 09:57:41.500,MO2603-P-8400,1523.2,1476.8,1488.2
2025-08-26,2025-08-26 09:57:42.000,MO2603-P-8400,1523.2,1476.8,1488.2
2025-08-26,2025-08-26 09:57:42.500,MO2603-P-8400,1523.2,1476.8,1488.2
2025-08-26,2025-08-26 09:57:43.000,MO2603-P-8400,1523.2,1476.8,1488.2
2025-08-26,2025-08-26 09:57:43.500,MO2603-P-8400,1523.2,1476.8,1488.0
2025-08-26,2025-08-26 09:57:45.000,MO2603-P-8400,1523.2,1476.8,1488.0
2025-08-26,2025-08-26 09:57:45.500,MO2603-P-8400,1523.2,1476.8,1488.0
2025-08-26,2025-08-26 09:57:48.500,MO2603-P-8400,1523.2,1476.8,1488.0
2025-08-26,2025-08-26 09:57:52.000,MO2603-P-8400,1523.2,1476.8,1488.0
2025-08-26,2025-08-26 09:57:53.000,MO2603-P-8400,1523.2,1478.8,1488.0
2025-08-26,2025-08-26 09:57:53.500,MO2603-P-8400,1523.2,1478.8,1487.8
2025-08-26,2025-08-26 09:57:54.500,MO2603-P-8400,1523.2,1478.8,1487.8
2025-08-26,2025-08-26 09:57:55.500,MO2603-P-8400,1523.2,1478.6,1487.8
2025-08-26,2025-08-26 09:57:57.500,MO2603-P-8400,1523.2,1478.6,1487.8
2025-08-26,2025-08-26 09:57:58.000,MO2603-P-8400,1523.2,1478.6,1487.8
2025-08-26,2025-08-26 09:57:59.000,MO2603-P-8400,1523.2,1478.6,1487.8
2025-08-26,2025-08-26 09:57:59.500,MO2603-P-8400,1523.2,1478.6,1487.8
2025-08-26,2025-08-26 09:58:00.000,MO2603-P-8400,1523.2,1478.6,1487.8
2025-08-26,2025-08-26 09:58:00.500,MO2603-P-8400,1523.2,1478.6,1487.8
2025-08-26,2025-08-26 09:58:01.000,MO2603-P-8400,1523.2,1478.6,1487.8
2025-08-26,2025-08-26 09:58:01.500,MO2603-P-8400,1523.2,1478.6,1487.8
2025-08-26,2025-08-26 09:58:02.500,MO2603-P-8400,1523.2,1478.6,1487.8
2025-08-26,2025-08-26 09:58:03.000,MO2603-P-8400,1523.2,1478.6,1487.8
2025-08-26,2025-08-26 09:58:03.500,MO2603-P-8400,1523.2,1478.6,1487.6
2025-08-26,2025-08-26 09:58:04.000,MO2603-P-8400,1523.2,1478.6,1487.6
2025-08-26,2025-08-26 09:58:04.500,MO2603-P-8400,1523.2,1478.6,1487.6
2025-08-26,2025-08-26 09:58:05.500,MO2603-P-8400,1523.2,1478.6,1487.6
2025-08-26,2025-08-26 09:58:07.000,MO2603-P-8400,1523.2,1478.6,1487.6
2025-08-26,2025-08-26 09:58:08.000,MO2603-P-8400,1523.2,1478.6,1487.6
2025-08-26,2025-08-26 09:58:09.500,MO2603-P-8400,1523.2,1478.6,1487.6
2025-08-26,2025-08-26 09:58:11.500,MO2603-P-8400,1523.2,1478.6,1487.6
2025-08-26,2025-08-26 09:58:12.500,MO2603-P-8400,1523.2,1478.6,1487.6
2025-08-26,2025-08-26 09:58:13.000,MO2603-P-8400,1523.2,1478.6,1487.6
2025-08-26,2025-08-26 09:58:14.000,MO2603-P-8400,1523.2,1478.6,1487.4
2025-08-26,2025-08-26 09:58:16.500,MO2603-P-8400,1523.2,1478.6,1489.4
2025-08-26,2025-08-26 09:58:17.000,MO2603-P-8400,1523.2,1478.6,1489.4
2025-08-26,2025-08-26 09:58:17.500,MO2603-P-8400,1523.2,1478.6,1489.4
2025-08-26,2025-08-26 09:58:18.000,MO2603-P-8400,1523.2,1478.6,1489.4
2025-08-26,2025-08-26 09:58:20.000,MO2603-P-8400,1523.2,1478.6,1489.4
2025-08-26,2025-08-26 09:58:20.500,MO2603-P-8400,1523.2,1478.6,1489.4
2025-08-26,2025-08-26 09:58:21.000,MO2603-P-8400,1523.2,1478.6,1489.4
2025-08-26,2025-08-26 09:58:22.000,MO2603-P-8400,1523.2,1478.6,1489.4
2025-08-26,2025-08-26 09:58:23.500,MO2603-P-8400,1523.2,1478.6,1489.4
2025-08-26,2025-08-26 09:58:27.000,MO2603-P-8400,1523.2,1478.6,1489.2
2025-08-26,2025-08-26 09:58:27.500,MO2603-P-8400,1523.2,1478.6,1489.0
2025-08-26,2025-08-26 09:58:28.000,MO2603-P-8400,1523.2,1478.6,1489.0
2025-08-26,2025-08-26 09:58:29.000,MO2603-P-8400,1523.2,1478.0,1489.0
2025-08-26,2025-08-26 09:58:32.500,MO2603-P-8400,1523.2,1478.0,1489.0
2025-08-26,2025-08-26 09:58:34.000,MO2603-P-8400,1523.2,1478.0,1489.0
2025-08-26,2025-08-26 09:58:37.000,MO2603-P-8400,1523.2,1478.0,1489.0
2025-08-26,2025-08-26 09:58:37.500,MO2603-P-8400,1523.2,1478.0,1489.0
2025-08-26,2025-08-26 09:58:47.000,MO2603-P-8400,1523.2,1478.0,1488.8
2025-08-26,2025-08-26 09:58:48.500,MO2603-P-8400,1523.2,1478.0,1488.8
2025-08-26,2025-08-26 09:58:49.000,MO2603-P-8400,1523.2,1478.0,1488.4
2025-08-26,2025-08-26 09:58:49.500,MO2603-P-8400,1523.2,1478.0,1488.4
2025-08-26,2025-08-26 09:58:51.500,MO2603-P-8400,1523.2,1478.0,1488.4
2025-08-26,2025-08-26 09:58:52.000,MO2603-P-8400,1523.2,1478.0,1488.4
2025-08-26,2025-08-26 09:58:53.000,MO2603-P-8400,1523.2,1478.0,1488.4
2025-08-26,2025-08-26 09:58:53.500,MO2603-P-8400,1523.2,1478.0,1488.4
2025-08-26,2025-08-26 09:58:55.000,MO2603-P-8400,1523.2,1478.0,1488.4
2025-08-26,2025-08-26 09:58:56.000,MO2603-P-8400,1523.2,1478.0,1488.4
2025-08-26,2025-08-26 09:58:56.500,MO2603-P-8400,1523.2,1478.0,1488.4
2025-08-26,2025-08-26 09:58:57.000,MO2603-P-8400,1523.2,1478.0,1488.4
2025-08-26,2025-08-26 09:58:57.500,MO2603-P-8400,1523.2,1478.0,1488.4
2025-08-26,2025-08-26 09:59:01.000,MO2603-P-8400,1523.2,1478.0,1488.4
2025-08-26,2025-08-26 09:59:01.500,MO2603-P-8400,1523.2,1478.0,1488.4
2025-08-26,2025-08-26 09:59:02.000,MO2603-P-8400,1523.2,1478.0,1488.4
2025-08-26,2025-08-26 09:59:02.500,MO2603-P-8400,1523.2,1478.0,1488.4
2025-08-26,2025-08-26 09:59:03.000,MO2603-P-8400,1523.2,1479.8,1488.4
2025-08-26,2025-08-26 09:59:03.500,MO2603-P-8400,1523.2,1479.8,1488.4
2025-08-26,2025-08-26 09:59:04.000,MO2603-P-8400,1523.2,1479.8,1488.4
2025-08-26,2025-08-26 09:59:04.500,MO2603-P-8400,1523.2,1479.8,1488.4
2025-08-26,2025-08-26 09:59:05.000,MO2603-P-8400,1523.2,1479.8,1488.4
2025-08-26,2025-08-26 09:59:05.500,MO2603-P-8400,1523.2,1479.8,1488.8
2025-08-26,2025-08-26 09:59:06.000,MO2603-P-8400,1523.2,1479.8,1488.8
2025-08-26,2025-08-26 09:59:06.500,MO2603-P-8400,1523.2,1479.8,1488.8
2025-08-26,2025-08-26 09:59:07.000,MO2603-P-8400,1523.2,1479.8,1488.8
2025-08-26,2025-08-26 09:59:11.000,MO2603-P-8400,1523.2,1479.8,1489.6
2025-08-26,2025-08-26 09:59:11.500,MO2603-P-8400,1523.2,1479.8,1489.6
2025-08-26,2025-08-26 09:59:12.000,MO2603-P-8400,1523.2,1479.8,1489.6
2025-08-26,2025-08-26 09:59:12.500,MO2603-P-8400,1523.2,1479.8,1489.6
2025-08-26,2025-08-26 09:59:13.000,MO2603-P-8400,1523.2,1479.8,1489.8
2025-08-26,2025-08-26 09:59:13.500,MO2603-P-8400,1523.2,1479.8,1490.8
2025-08-26,2025-08-26 09:59:14.000,MO2603-P-8400,1523.2,1479.8,1490.8
2025-08-26,2025-08-26 09:59:14.500,MO2603-P-8400,1523.2,1479.8,1490.8
2025-08-26,2025-08-26 09:59:15.000,MO2603-P-8400,1523.2,1479.8,1490.8
2025-08-26,2025-08-26 09:59:15.500,MO2603-P-8400,1523.2,1482.2,1490.8
2025-08-26,2025-08-26 09:59:16.000,MO2603-P-8400,1523.2,1482.2,1490.8
2025-08-26,2025-08-26 09:59:16.500,MO2603-P-8400,1523.2,1482.2,1490.8
2025-08-26,2025-08-26 09:59:21.000,MO2603-P-8400,1523.2,1482.2,1490.8
2025-08-26,2025-08-26 09:59:24.000,MO2603-P-8400,1523.2,1482.2,1490.6
2025-08-26,2025-08-26 09:59:24.500,MO2603-P-8400,1523.2,1482.2,1490.6
2025-08-26,2025-08-26 09:59:27.000,MO2603-P-8400,1523.2,1482.2,1490.6
2025-08-26,2025-08-26 09:59:28.000,MO2603-P-8400,1523.2,1482.2,1490.6
2025-08-26,2025-08-26 09:59:28.500,MO2603-P-8400,1523.2,1482.2,1490.6
2025-08-26,2025-08-26 09:59:31.500,MO2603-P-8400,1523.2,1482.2,1490.6
2025-08-26,2025-08-26 09:59:32.000,MO2603-P-8400,1523.2,1482.2,1490.6
2025-08-26,2025-08-26 09:59:36.000,MO2603-P-8400,1523.2,1480.8,1490.4
2025-08-26,2025-08-26 09:59:36.500,MO2603-P-8400,1523.2,1480.8,1490.4
2025-08-26,2025-08-26 09:59:37.000,MO2603-P-8400,1523.2,1480.8,1490.4
2025-08-26,2025-08-26 09:59:37.500,MO2603-P-8400,1523.2,1480.8,1490.4
2025-08-26,2025-08-26 09:59:38.500,MO2603-P-8400,1523.2,1480.8,1490.4
2025-08-26,2025-08-26 09:59:41.500,MO2603-P-8400,1523.2,1480.6,1490.4
2025-08-26,2025-08-26 09:59:42.000,MO2603-P-8400,1523.2,1480.6,1490.4
2025-08-26,2025-08-26 09:59:42.500,MO2603-P-8400,1523.2,1480.6,1490.4
2025-08-26,2025-08-26 09:59:46.500,MO2603-P-8400,1523.2,1480.6,1489.8
2025-08-26,2025-08-26 09:59:47.000,MO2603-P-8400,1523.2,1480.6,1489.8
2025-08-26,2025-08-26 09:59:47.500,MO2603-P-8400,1523.2,1480.6,1489.8
2025-08-26,2025-08-26 09:59:48.000,MO2603-P-8400,1523.2,1480.6,1489.8
2025-08-26,2025-08-26 09:59:50.500,MO2603-P-8400,1523.2,1480.6,1489.8
2025-08-26,2025-08-26 09:59:52.000,MO2603-P-8400,1523.2,1480.6,1489.8
2025-08-26,2025-08-26 09:59:53.000,MO2603-P-8400,1523.2,1482.8,1489.8
2025-08-26,2025-08-26 09:59:55.500,MO2603-P-8400,1523.2,1482.8,1489.8
2025-08-26,2025-08-26 09:59:57.000,MO2603-P-8400,1523.2,1482.8,1489.8
2025-08-26,2025-08-26 10:00:04.000,MO2603-P-8400,1523.2,1482.8,1489.8
2025-08-26,2025-08-26 10:00:06.000,MO2603-P-8400,1523.2,1482.8,1489.8
2025-08-26,2025-08-26 10:00:06.500,MO2603-P-8400,1523.2,1484.4,1489.8
2025-08-26,2025-08-26 10:00:07.000,MO2603-P-8400,1523.2,1484.4,1489.8
2025-08-26,2025-08-26 10:00:07.500,MO2603-P-8400,1523.2,1484.4,1489.8
2025-08-26,2025-08-26 10:00:08.000,MO2603-P-8400,1523.2,1482.4,1489.8
2025-08-26,2025-08-26 10:00:10.000,MO2603-P-8400,1523.2,1482.4,1489.8
2025-08-26,2025-08-26 10:00:10.500,MO2603-P-8400,1523.2,1482.4,1489.8
2025-08-26,2025-08-26 10:00:11.000,MO2603-P-8400,1523.2,1482.4,1489.8
2025-08-26,2025-08-26 10:00:11.500,MO2603-P-8400,1523.2,1482.4,1489.8
2025-08-26,2025-08-26 10:00:12.000,MO2603-P-8400,1523.2,1482.4,1489.8
2025-08-26,2025-08-26 10:00:12.500,MO2603-P-8400,1523.2,1482.4,1489.8
2025-08-26,2025-08-26 10:00:13.500,MO2603-P-8400,1523.2,1482.4,1489.8
2025-08-26,2025-08-26 10:00:14.000,MO2603-P-8400,1523.2,1480.6,1489.8
2025-08-26,2025-08-26 10:00:14.500,MO2603-P-8400,1523.2,1480.6,1489.8
2025-08-26,2025-08-26 10:00:19.000,MO2603-P-8400,1523.2,1480.6,1489.8
2025-08-26,2025-08-26 10:00:19.500,MO2603-P-8400,1523.2,1480.6,1489.8
2025-08-26,2025-08-26 10:00:22.500,MO2603-P-8400,1523.2,1480.6,1489.8
2025-08-26,2025-08-26 10:00:26.500,MO2603-P-8400,1523.2,1483.2,1489.8
2025-08-26,2025-08-26 10:00:27.500,MO2603-P-8400,1523.2,1483.2,1489.8
2025-08-26,2025-08-26 10:00:30.000,MO2603-P-8400,1523.2,1481.0,1489.8
2025-08-26,2025-08-26 10:00:31.500,MO2603-P-8400,1523.2,1480.6,1489.8
2025-08-26,2025-08-26 10:00:38.000,MO2603-P-8400,1523.2,1480.6,1489.8
2025-08-26,2025-08-26 10:00:45.000,MO2603-P-8400,1523.2,1480.6,1489.8
2025-08-26,2025-08-26 10:00:45.500,MO2603-P-8400,1523.2,1480.6,1489.8
2025-08-26,2025-08-26 10:00:56.000,MO2603-P-8400,1523.2,1480.6,1489.8
2025-08-26,2025-08-26 10:01:02.500,MO2603-P-8400,1523.2,1480.6,1489.8
2025-08-26,2025-08-26 10:01:03.000,MO2603-P-8400,1523.2,1480.6,1489.8
2025-08-26,2025-08-26 10:01:10.000,MO2603-P-8400,1523.2,1480.6,1489.8
2025-08-26,2025-08-26 10:01:10.500,MO2603-P-8400,1523.2,1480.6,1489.8
2025-08-26,2025-08-26 10:01:11.500,MO2603-P-8400,1523.2,1480.6,1489.8
2025-08-26,2025-08-26 10:01:13.500,MO2603-P-8400,1523.2,1480.6,1489.8
2025-08-26,2025-08-26 10:01:14.000,MO2603-P-8400,1523.2,1480.6,1489.8
2025-08-26,2025-08-26 10:01:16.500,MO2603-P-8400,1523.2,1480.6,1489.8
2025-08-26,2025-08-26 10:01:17.000,MO2603-P-8400,1523.2,1480.6,1489.8
2025-08-26,2025-08-26 10:01:18.000,MO2603-P-8400,1523.2,1480.6,1489.8
2025-08-26,2025-08-26 10:01:24.000,MO2603-P-8400,1523.2,1480.6,1491.8
2025-08-26,2025-08-26 10:01:24.500,MO2603-P-8400,1523.2,1480.6,1491.8
2025-08-26,2025-08-26 10:01:25.000,MO2603-P-8400,1523.2,1482.8,1491.8
2025-08-26,2025-08-26 10:01:25.500,MO2603-P-8400,1523.2,1482.8,1491.8
2025-08-26,2025-08-26 10:01:26.000,MO2603-P-8400,1523.2,1482.8,1492.4
2025-08-26,2025-08-26 10:01:26.500,MO2603-P-8400,1523.2,1482.8,1492.6
2025-08-26,2025-08-26 10:01:27.000,MO2603-P-8400,1523.2,1482.8,1492.6
2025-08-26,2025-08-26 10:01:27.500,MO2603-P-8400,1523.2,1482.8,1493.2
2025-08-26,2025-08-26 10:01:28.000,MO2603-P-8400,1523.2,1482.8,1493.2
2025-08-26,2025-08-26 10:01:29.500,MO2603-P-8400,1523.2,1482.8,1493.2
2025-08-26,2025-08-26 10:01:30.000,MO2603-P-8400,1523.2,1482.8,1493.2
2025-08-26,2025-08-26 10:01:30.500,MO2603-P-8400,1523.2,1482.8,1493.2
2025-08-26,2025-08-26 10:01:33.500,MO2603-P-8400,1523.2,1482.8,1492.8
2025-08-26,2025-08-26 10:01:34.000,MO2603-P-8400,1523.2,1482.8,1492.8
2025-08-26,2025-08-26 10:01:44.000,MO2603-P-8400,1523.2,1482.8,1492.8
2025-08-26,2025-08-26 10:01:48.000,MO2603-P-8400,1523.2,1482.8,1492.8
2025-08-26,2025-08-26 10:01:58.000,MO2603-P-8400,1523.2,1482.8,1492.6
2025-08-26,2025-08-26 10:02:01.000,MO2603-P-8400,1523.2,1480.4,1492.2
2025-08-26,2025-08-26 10:02:01.500,MO2603-P-8400,1523.2,1480.4,1492.2
2025-08-26,2025-08-26 10:02:02.000,MO2603-P-8400,1523.2,1480.4,1492.2
2025-08-26,2025-08-26 10:02:03.000,MO2603-P-8400,1523.2,1480.4,1488.8
2025-08-26,2025-08-26 10:02:03.500,MO2603-P-8400,1523.2,1480.4,1488.8
2025-08-26,2025-08-26 10:02:04.500,MO2603-P-8400,1523.2,1480.4,1488.8
2025-08-26,2025-08-26 10:02:13.000,MO2603-P-8400,1523.2,1482.0,1488.8
2025-08-26,2025-08-26 10:02:13.500,MO2603-P-8400,1523.2,1482.0,1488.8
2025-08-26,2025-08-26 10:02:14.000,MO2603-P-8400,1523.2,1482.0,1488.8
2025-08-26,2025-08-26 10:02:18.500,MO2603-P-8400,1523.2,1482.0,1488.8
2025-08-26,2025-08-26 10:02:31.000,MO2603-P-8400,1523.2,1482.0,1492.6
2025-08-26,2025-08-26 10:02:31.500,MO2603-P-8400,1523.2,1482.0,1492.6
2025-08-26,2025-08-26 10:02:32.000,MO2603-P-8400,1523.2,1482.0,1492.6
2025-08-26,2025-08-26 10:02:32.500,MO2603-P-8400,1523.2,1482.0,1492.6
2025-08-26,2025-08-26 10:02:33.000,MO2603-P-8400,1523.2,1482.0,1492.6
2025-08-26,2025-08-26 10:02:33.500,MO2603-P-8400,1523.2,1482.0,1492.6
2025-08-26,2025-08-26 10:02:35.000,MO2603-P-8400,1523.2,1482.0,1493.4
2025-08-26,2025-08-26 10:02:35.500,MO2603-P-8400,1523.2,1482.0,1493.4
2025-08-26,2025-08-26 10:02:36.000,MO2603-P-8400,1523.2,1482.0,1493.4
2025-08-26,2025-08-26 10:02:36.500,MO2603-P-8400,1523.2,1482.0,1493.4
2025-08-26,2025-08-26 10:02:37.000,MO2603-P-8400,1523.2,1484.2,1493.4
2025-08-26,2025-08-26 10:02:37.500,MO2603-P-8400,1523.2,1484.2,1493.4
2025-08-26,2025-08-26 10:02:38.500,MO2603-P-8400,1523.2,1484.2,1493.4
2025-08-26,2025-08-26 10:02:39.000,MO2603-P-8400,1523.2,1484.2,1493.4
2025-08-26,2025-08-26 10:02:39.500,MO2603-P-8400,1523.2,1484.2,1493.4
2025-08-26,2025-08-26 10:02:40.000,MO2603-P-8400,1523.2,1484.2,1493.4
2025-08-26,2025-08-26 10:02:45.500,MO2603-P-8400,1523.2,1484.2,1493.4
2025-08-26,2025-08-26 10:02:50.000,MO2603-P-8400,1523.2,1484.2,1493.4
2025-08-26,2025-08-26 10:02:56.500,MO2603-P-8400,1523.2,1484.2,1493.4
2025-08-26,2025-08-26 10:02:57.000,MO2603-P-8400,1523.2,1484.2,1493.4
2025-08-26,2025-08-26 10:02:59.500,MO2603-P-8400,1523.2,1484.2,1493.4
2025-08-26,2025-08-26 10:03:00.000,MO2603-P-8400,1523.2,1484.2,1493.4
2025-08-26,2025-08-26 10:03:01.500,MO2603-P-8400,1523.2,1484.2,1493.4
2025-08-26,2025-08-26 10:03:04.000,MO2603-P-8400,1523.2,1484.2,1493.4
2025-08-26,2025-08-26 10:03:04.500,MO2603-P-8400,1523.2,1484.2,1493.4
2025-08-26,2025-08-26 10:03:05.500,MO2603-P-8400,1523.2,1484.2,1493.4
2025-08-26,2025-08-26 10:03:08.500,MO2603-P-8400,1523.2,1484.2,1493.4
2025-08-26,2025-08-26 10:03:09.000,MO2603-P-8400,1523.2,1484.2,1493.4
2025-08-26,2025-08-26 10:03:09.500,MO2603-P-8400,1523.2,1484.2,1493.4
2025-08-26,2025-08-26 10:03:10.000,MO2603-P-8400,1523.2,1484.2,1493.4
2025-08-26,2025-08-26 10:03:12.000,MO2603-P-8400,1523.2,1484.2,1493.4
2025-08-26,2025-08-26 10:03:13.000,MO2603-P-8400,1523.2,1482.4,1493.4
2025-08-26,2025-08-26 10:03:14.000,MO2603-P-8400,1523.2,1482.4,1493.4
2025-08-26,2025-08-26 10:03:14.500,MO2603-P-8400,1523.2,1482.4,1493.4
2025-08-26,2025-08-26 10:03:15.500,MO2603-P-8400,1523.2,1482.4,1493.4
2025-08-26,2025-08-26 10:03:16.000,MO2603-P-8400,1523.2,1482.4,1493.4
2025-08-26,2025-08-26 10:03:19.000,MO2603-P-8400,1523.2,1482.4,1493.4
2025-08-26,2025-08-26 10:03:23.000,MO2603-P-8400,1523.2,1482.4,1493.2
2025-08-26,2025-08-26 10:03:24.500,MO2603-P-8400,1523.2,1482.4,1490.2
2025-08-26,2025-08-26 10:03:25.000,MO2603-P-8400,1523.2,1482.4,1490.2
2025-08-26,2025-08-26 10:03:25.500,MO2603-P-8400,1523.2,1482.4,1490.2
2025-08-26,2025-08-26 10:03:26.000,MO2603-P-8400,1523.2,1482.4,1490.2
2025-08-26,2025-08-26 10:03:31.500,MO2603-P-8400,1523.2,1482.4,1490.2
2025-08-26,2025-08-26 10:03:32.000,MO2603-P-8400,1523.2,1482.4,1490.2
2025-08-26,2025-08-26 10:03:32.500,MO2603-P-8400,1523.2,1482.4,1490.2
2025-08-26,2025-08-26 10:03:47.500,MO2603-P-8400,1523.2,1482.4,1490.2
2025-08-26,2025-08-26 10:03:48.000,MO2603-P-8400,1523.2,1482.4,1490.2
2025-08-26,2025-08-26 10:03:48.500,MO2603-P-8400,1523.2,1482.4,1490.2
2025-08-26,2025-08-26 10:03:49.000,MO2603-P-8400,1523.2,1480.6,1490.2
2025-08-26,2025-08-26 10:03:49.500,MO2603-P-8400,1523.2,1480.6,1490.2
2025-08-26,2025-08-26 10:03:52.500,MO2603-P-8400,1523.2,1480.6,1490.2
2025-08-26,2025-08-26 10:03:53.000,MO2603-P-8400,1523.2,1480.6,1490.2
2025-08-26,2025-08-26 10:04:03.000,MO2603-P-8400,1523.2,1480.6,1490.2
2025-08-26,2025-08-26 10:04:03.500,MO2603-P-8400,1523.2,1480.6,1490.2
2025-08-26,2025-08-26 10:04:04.000,MO2603-P-8400,1523.2,1480.6,1490.2
2025-08-26,2025-08-26 10:04:04.500,MO2603-P-8400,1523.2,1480.6,1490.2
2025-08-26,2025-08-26 10:04:06.500,MO2603-P-8400,1523.2,1478.4,1490.2
2025-08-26,2025-08-26 10:04:08.000,MO2603-P-8400,1523.2,1478.4,1490.2
2025-08-26,2025-08-26 10:04:08.500,MO2603-P-8400,1523.2,1476.6,1488.2
2025-08-26,2025-08-26 10:04:10.500,MO2603-P-8400,1523.2,1476.4,1481.6
2025-08-26,2025-08-26 10:04:11.000,MO2603-P-8400,1523.2,1476.4,1481.6
2025-08-26,2025-08-26 10:04:14.000,MO2603-P-8400,1523.2,1476.4,1481.6
2025-08-26,2025-08-26 10:04:14.500,MO2603-P-8400,1523.2,1476.4,1481.6
2025-08-26,2025-08-26 10:04:15.000,MO2603-P-8400,1523.2,1476.4,1481.6
2025-08-26,2025-08-26 10:04:15.500,MO2603-P-8400,1523.2,1476.4,1481.6
2025-08-26,2025-08-26 10:04:20.000,MO2603-P-8400,1523.2,1476.4,1481.6
2025-08-26,2025-08-26 10:04:22.000,MO2603-P-8400,1523.2,1478.2,1481.6
2025-08-26,2025-08-26 10:04:22.500,MO2603-P-8400,1523.2,1478.2,1481.6
2025-08-26,2025-08-26 10:04:23.000,MO2603-P-8400,1523.2,1478.2,1481.6
2025-08-26,2025-08-26 10:04:23.500,MO2603-P-8400,1523.2,1478.2,1481.6
2025-08-26,2025-08-26 10:04:35.500,MO2603-P-8400,1523.2,1476.0,1481.6
2025-08-26,2025-08-26 10:04:36.000,MO2603-P-8400,1523.2,1475.8,1481.6
2025-08-26,2025-08-26 10:04:36.500,MO2603-P-8400,1523.2,1475.8,1481.6
2025-08-26,2025-08-26 10:04:38.000,MO2603-P-8400,1523.2,1475.8,1481.6
2025-08-26,2025-08-26 10:04:40.500,MO2603-P-8400,1523.2,1475.8,1481.6
2025-08-26,2025-08-26 10:04:44.500,MO2603-P-8400,1523.2,1475.8,1481.6
2025-08-26,2025-08-26 10:04:45.000,MO2603-P-8400,1523.2,1475.8,1481.6
2025-08-26,2025-08-26 10:04:45.500,MO2603-P-8400,1523.2,1475.8,1481.6
2025-08-26,2025-08-26 10:05:01.000,MO2603-P-8400,1523.2,1475.8,1481.6
2025-08-26,2025-08-26 10:05:05.000,MO2603-P-8400,1523.2,1475.4,1481.6
2025-08-26,2025-08-26 10:05:05.500,MO2603-P-8400,1523.2,1475.0,1481.6
2025-08-26,2025-08-26 10:05:06.000,MO2603-P-8400,1523.2,1475.0,1481.6
2025-08-26,2025-08-26 10:05:06.500,MO2603-P-8400,1523.2,1475.0,1481.6
2025-08-26,2025-08-26 10:05:07.500,MO2603-P-8400,1523.2,1473.8,1481.6
2025-08-26,2025-08-26 10:05:08.000,MO2603-P-8400,1523.2,1473.8,1481.6
2025-08-26,2025-08-26 10:05:24.000,MO2603-P-8400,1523.2,1473.8,1485.6
2025-08-26,2025-08-26 10:05:24.500,MO2603-P-8400,1523.2,1473.8,1485.6
2025-08-26,2025-08-26 10:05:34.500,MO2603-P-8400,1523.2,1473.8,1485.4
2025-08-26,2025-08-26 10:05:44.500,MO2603-P-8400,1523.2,1473.8,1485.2
2025-08-26,2025-08-26 10:05:53.000,MO2603-P-8400,1523.2,1473.8,1485.2
2025-08-26,2025-08-26 10:05:53.500,MO2603-P-8400,1523.2,1473.8,1485.2
2025-08-26,2025-08-26 10:05:54.000,MO2603-P-8400,1523.2,1473.8,1485.2
2025-08-26,2025-08-26 10:05:54.500,MO2603-P-8400,1523.2,1473.8,1485.0
2025-08-26,2025-08-26 10:06:04.500,MO2603-P-8400,1523.2,1473.8,1484.8
2025-08-26,2025-08-26 10:06:14.500,MO2603-P-8400,1523.2,1473.8,1484.6
2025-08-26,2025-08-26 10:06:24.500,MO2603-P-8400,1523.2,1473.8,1484.4
2025-08-26,2025-08-26 10:06:34.500,MO2603-P-8400,1523.2,1473.8,1484.2
2025-08-26,2025-08-26 10:06:44.500,MO2603-P-8400,1523.2,1473.8,1484.0
2025-08-26,2025-08-26 10:06:50.000,MO2603-P-8400,1523.2,1473.8,1484.0
2025-08-26,2025-08-26 10:06:54.500,MO2603-P-8400,1523.2,1473.8,1483.8
2025-08-26,2025-08-26 10:07:01.000,MO2603-P-8400,1523.2,1473.8,1483.8
2025-08-26,2025-08-26 10:07:04.500,MO2603-P-8400,1523.2,1473.8,1483.6
2025-08-26,2025-08-26 10:07:14.500,MO2603-P-8400,1523.2,1473.8,1483.4
2025-08-26,2025-08-26 10:07:15.000,MO2603-P-8400,1523.2,1473.8,1485.6
2025-08-26,2025-08-26 10:07:15.500,MO2603-P-8400,1523.2,1473.8,1485.6
2025-08-26,2025-08-26 10:07:25.500,MO2603-P-8400,1523.2,1473.8,1485.4
