tradingdate,tradingtime,symbol,lastprice,buyprice01,sellprice01
2025-08-21,2025-08-21 09:29:00.000,MO2606-P-8200,1607.8,1517.4,1703.4
2025-08-21,2025-08-21 09:30:00.500,MO2606-P-8200,1607.8,1517.4,1689.8
2025-08-21,2025-08-21 09:30:01.000,MO2606-P-8200,1607.8,1520.4,1689.8
2025-08-21,2025-08-21 09:30:01.500,MO2606-P-8200,1607.8,1520.4,1689.8
2025-08-21,2025-08-21 09:30:02.000,MO2606-P-8200,1607.8,1520.4,1689.8
2025-08-21,2025-08-21 09:30:03.500,MO2606-P-8200,1607.8,1520.4,1684.2
2025-08-21,2025-08-21 09:30:09.500,MO2606-P-8200,1607.8,1520.4,1690.2
2025-08-21,2025-08-21 09:30:10.500,MO2606-P-8200,1607.8,1520.4,1691.8
2025-08-21,2025-08-21 09:30:12.000,MO2606-P-8200,1607.8,1520.4,1691.8
2025-08-21,2025-08-21 09:30:12.500,MO2606-P-8200,1607.8,1520.4,1691.8
2025-08-21,2025-08-21 09:30:13.000,MO2606-P-8200,1607.8,1520.4,1691.8
2025-08-21,2025-08-21 09:30:15.500,MO2606-P-8200,1607.8,1520.4,1691.8
2025-08-21,2025-08-21 09:30:19.500,MO2606-P-8200,1607.8,1520.4,1691.8
2025-08-21,2025-08-21 09:30:23.500,MO2606-P-8200,1607.8,1520.4,1691.8
2025-08-21,2025-08-21 09:30:28.000,MO2606-P-8200,1607.8,1520.4,1691.8
2025-08-21,2025-08-21 09:30:29.000,MO2606-P-8200,1607.8,1520.6,1691.6
2025-08-21,2025-08-21 09:30:40.500,MO2606-P-8200,1607.8,1583.2,1619.0
2025-08-21,2025-08-21 09:30:41.000,MO2606-P-8200,1607.8,1583.2,1619.0
2025-08-21,2025-08-21 09:30:41.500,MO2606-P-8200,1607.8,1583.2,1619.2
2025-08-21,2025-08-21 09:30:42.000,MO2606-P-8200,1607.8,1583.4,1619.0
2025-08-21,2025-08-21 09:30:42.500,MO2606-P-8200,1607.8,1583.4,1619.0
2025-08-21,2025-08-21 09:30:43.000,MO2606-P-8200,1607.8,1583.4,1619.0
2025-08-21,2025-08-21 09:30:43.500,MO2606-P-8200,1607.8,1583.4,1619.0
2025-08-21,2025-08-21 09:30:44.000,MO2606-P-8200,1607.8,1583.4,1619.0
2025-08-21,2025-08-21 09:30:52.500,MO2606-P-8200,1607.8,1583.4,1619.0
2025-08-21,2025-08-21 09:30:53.000,MO2606-P-8200,1607.8,1586.6,1619.0
2025-08-21,2025-08-21 09:30:53.500,MO2606-P-8200,1607.8,1586.6,1619.0
2025-08-21,2025-08-21 09:30:54.000,MO2606-P-8200,1607.8,1586.6,1619.0
2025-08-21,2025-08-21 09:30:55.000,MO2606-P-8200,1607.8,1586.6,1619.0
2025-08-21,2025-08-21 09:30:55.500,MO2606-P-8200,1607.8,1586.6,1619.0
2025-08-21,2025-08-21 09:30:57.000,MO2606-P-8200,1607.8,1586.6,1619.0
2025-08-21,2025-08-21 09:31:06.000,MO2606-P-8200,1607.8,1586.6,1619.0
2025-08-21,2025-08-21 09:31:09.000,MO2606-P-8200,1607.8,1586.6,1619.0
2025-08-21,2025-08-21 09:31:09.500,MO2606-P-8200,1607.8,1586.6,1619.0
2025-08-21,2025-08-21 09:31:10.000,MO2606-P-8200,1607.8,1586.6,1619.0
2025-08-21,2025-08-21 09:31:17.000,MO2606-P-8200,1607.8,1586.6,1619.0
2025-08-21,2025-08-21 09:31:17.500,MO2606-P-8200,1607.8,1586.6,1619.0
2025-08-21,2025-08-21 09:31:18.500,MO2606-P-8200,1607.8,1586.6,1619.0
2025-08-21,2025-08-21 09:31:33.000,MO2606-P-8200,1607.8,1586.6,1619.0
2025-08-21,2025-08-21 09:31:36.000,MO2606-P-8200,1607.8,1586.6,1619.0
2025-08-21,2025-08-21 09:31:38.500,MO2606-P-8200,1607.8,1586.6,1619.0
2025-08-21,2025-08-21 09:31:39.000,MO2606-P-8200,1607.8,1586.6,1619.0
2025-08-21,2025-08-21 09:31:39.500,MO2606-P-8200,1607.8,1586.6,1619.0
2025-08-21,2025-08-21 09:31:40.000,MO2606-P-8200,1607.8,1585.2,1616.8
2025-08-21,2025-08-21 09:31:40.500,MO2606-P-8200,1607.8,1585.2,1616.8
2025-08-21,2025-08-21 09:31:41.000,MO2606-P-8200,1607.8,1585.2,1616.8
2025-08-21,2025-08-21 09:31:42.000,MO2606-P-8200,1607.8,1585.2,1616.8
2025-08-21,2025-08-21 09:31:43.500,MO2606-P-8200,1607.8,1585.2,1616.8
2025-08-21,2025-08-21 09:31:46.500,MO2606-P-8200,1607.8,1585.2,1616.8
2025-08-21,2025-08-21 09:31:47.000,MO2606-P-8200,1607.8,1585.2,1616.8
2025-08-21,2025-08-21 09:31:47.500,MO2606-P-8200,1607.8,1585.2,1612.6
2025-08-21,2025-08-21 09:31:48.500,MO2606-P-8200,1607.8,1585.2,1612.6
2025-08-21,2025-08-21 09:31:49.000,MO2606-P-8200,1607.8,1585.2,1612.6
2025-08-21,2025-08-21 09:31:50.500,MO2606-P-8200,1607.8,1585.2,1612.6
2025-08-21,2025-08-21 09:31:57.500,MO2606-P-8200,1607.8,1585.2,1612.6
2025-08-21,2025-08-21 09:32:00.500,MO2606-P-8200,1607.8,1585.4,1612.4
2025-08-21,2025-08-21 09:32:01.000,MO2606-P-8200,1607.8,1585.4,1612.4
2025-08-21,2025-08-21 09:32:01.500,MO2606-P-8200,1607.8,1585.4,1612.4
2025-08-21,2025-08-21 09:32:02.000,MO2606-P-8200,1607.8,1585.4,1612.4
2025-08-21,2025-08-21 09:32:03.500,MO2606-P-8200,1607.8,1585.4,1612.4
2025-08-21,2025-08-21 09:32:05.000,MO2606-P-8200,1607.8,1585.4,1612.4
2025-08-21,2025-08-21 09:32:06.500,MO2606-P-8200,1607.8,1585.4,1612.4
2025-08-21,2025-08-21 09:32:10.500,MO2606-P-8200,1607.8,1585.6,1612.2
2025-08-21,2025-08-21 09:32:11.500,MO2606-P-8200,1607.8,1585.6,1612.2
2025-08-21,2025-08-21 09:32:16.500,MO2606-P-8200,1607.8,1585.6,1612.2
2025-08-21,2025-08-21 09:32:20.500,MO2606-P-8200,1607.8,1585.8,1612.0
2025-08-21,2025-08-21 09:32:21.000,MO2606-P-8200,1607.8,1585.8,1612.0
2025-08-21,2025-08-21 09:32:21.500,MO2606-P-8200,1607.8,1585.8,1612.0
2025-08-21,2025-08-21 09:32:30.500,MO2606-P-8200,1607.8,1586.0,1611.8
2025-08-21,2025-08-21 09:32:40.500,MO2606-P-8200,1607.8,1586.2,1611.6
2025-08-21,2025-08-21 09:32:41.500,MO2606-P-8200,1607.8,1586.2,1611.6
2025-08-21,2025-08-21 09:32:42.000,MO2606-P-8200,1607.8,1586.2,1611.6
2025-08-21,2025-08-21 09:32:42.500,MO2606-P-8200,1607.8,1586.2,1611.6
2025-08-21,2025-08-21 09:32:50.500,MO2606-P-8200,1607.8,1586.4,1611.4
2025-08-21,2025-08-21 09:32:52.000,MO2606-P-8200,1607.8,1586.4,1611.4
2025-08-21,2025-08-21 09:32:59.000,MO2606-P-8200,1607.8,1586.4,1611.4
2025-08-21,2025-08-21 09:33:00.500,MO2606-P-8200,1607.8,1586.6,1611.2
2025-08-21,2025-08-21 09:33:05.500,MO2606-P-8200,1607.8,1586.6,1611.2
2025-08-21,2025-08-21 09:33:10.500,MO2606-P-8200,1607.8,1586.8,1611.0
2025-08-21,2025-08-21 09:33:20.500,MO2606-P-8200,1607.8,1587.0,1610.8
2025-08-21,2025-08-21 09:33:29.000,MO2606-P-8200,1607.8,1587.0,1610.8
2025-08-21,2025-08-21 09:33:30.500,MO2606-P-8200,1607.8,1587.2,1610.6
2025-08-21,2025-08-21 09:33:31.000,MO2606-P-8200,1607.8,1587.2,1610.6
2025-08-21,2025-08-21 09:33:38.500,MO2606-P-8200,1607.8,1587.2,1610.6
2025-08-21,2025-08-21 09:33:41.000,MO2606-P-8200,1607.8,1587.4,1610.4
2025-08-21,2025-08-21 09:33:51.000,MO2606-P-8200,1607.8,1587.6,1610.2
2025-08-21,2025-08-21 09:33:58.500,MO2606-P-8200,1607.8,1590.4,1610.2
2025-08-21,2025-08-21 09:33:59.000,MO2606-P-8200,1607.8,1590.4,1610.2
2025-08-21,2025-08-21 09:34:01.000,MO2606-P-8200,1607.8,1590.4,1610.0
2025-08-21,2025-08-21 09:34:02.500,MO2606-P-8200,1607.8,1590.4,1610.0
2025-08-21,2025-08-21 09:34:06.500,MO2606-P-8200,1607.8,1590.4,1610.0
2025-08-21,2025-08-21 09:34:07.500,MO2606-P-8200,1607.8,1590.4,1610.0
2025-08-21,2025-08-21 09:34:09.000,MO2606-P-8200,1607.8,1590.4,1610.0
2025-08-21,2025-08-21 09:34:09.500,MO2606-P-8200,1607.8,1590.4,1610.0
2025-08-21,2025-08-21 09:34:10.000,MO2606-P-8200,1607.8,1590.4,1610.0
2025-08-21,2025-08-21 09:34:10.500,MO2606-P-8200,1607.8,1590.4,1610.0
2025-08-21,2025-08-21 09:34:11.000,MO2606-P-8200,1607.8,1590.4,1609.8
2025-08-21,2025-08-21 09:34:11.500,MO2606-P-8200,1607.8,1590.4,1609.8
2025-08-21,2025-08-21 09:34:12.000,MO2606-P-8200,1607.8,1590.4,1609.8
2025-08-21,2025-08-21 09:34:12.500,MO2606-P-8200,1607.8,1590.4,1609.8
2025-08-21,2025-08-21 09:34:13.000,MO2606-P-8200,1607.8,1590.4,1609.8
2025-08-21,2025-08-21 09:34:13.500,MO2606-P-8200,1607.8,1590.4,1609.8
2025-08-21,2025-08-21 09:34:14.000,MO2606-P-8200,1607.8,1590.4,1609.8
2025-08-21,2025-08-21 09:34:14.500,MO2606-P-8200,1607.8,1590.4,1609.8
2025-08-21,2025-08-21 09:34:15.000,MO2606-P-8200,1607.8,1590.4,1609.8
2025-08-21,2025-08-21 09:34:15.500,MO2606-P-8200,1607.8,1590.4,1609.8
2025-08-21,2025-08-21 09:34:16.000,MO2606-P-8200,1607.8,1590.4,1609.8
2025-08-21,2025-08-21 09:34:16.500,MO2606-P-8200,1607.8,1590.4,1609.8
2025-08-21,2025-08-21 09:34:17.000,MO2606-P-8200,1607.8,1590.4,1609.8
2025-08-21,2025-08-21 09:34:17.500,MO2606-P-8200,1607.8,1590.4,1609.8
2025-08-21,2025-08-21 09:34:18.000,MO2606-P-8200,1607.8,1590.4,1609.8
2025-08-21,2025-08-21 09:34:18.500,MO2606-P-8200,1607.8,1590.4,1609.8
2025-08-21,2025-08-21 09:34:19.000,MO2606-P-8200,1607.8,1590.4,1609.8
2025-08-21,2025-08-21 09:34:19.500,MO2606-P-8200,1607.8,1590.4,1609.8
2025-08-21,2025-08-21 09:34:20.000,MO2606-P-8200,1607.8,1590.4,1609.8
2025-08-21,2025-08-21 09:34:20.500,MO2606-P-8200,1607.8,1590.4,1609.8
2025-08-21,2025-08-21 09:34:21.000,MO2606-P-8200,1607.8,1590.4,1609.6
2025-08-21,2025-08-21 09:34:21.500,MO2606-P-8200,1607.8,1590.4,1609.6
2025-08-21,2025-08-21 09:34:22.000,MO2606-P-8200,1607.8,1590.4,1609.6
2025-08-21,2025-08-21 09:34:28.000,MO2606-P-8200,1607.8,1590.4,1611.4
2025-08-21,2025-08-21 09:34:28.500,MO2606-P-8200,1607.8,1590.4,1611.4
2025-08-21,2025-08-21 09:34:29.000,MO2606-P-8200,1607.8,1590.4,1611.4
2025-08-21,2025-08-21 09:34:29.500,MO2606-P-8200,1607.8,1590.4,1611.4
2025-08-21,2025-08-21 09:34:31.000,MO2606-P-8200,1607.8,1590.6,1611.4
2025-08-21,2025-08-21 09:34:31.500,MO2606-P-8200,1607.8,1590.6,1611.4
2025-08-21,2025-08-21 09:34:32.000,MO2606-P-8200,1607.8,1590.6,1611.4
2025-08-21,2025-08-21 09:34:38.500,MO2606-P-8200,1607.8,1590.6,1611.2
2025-08-21,2025-08-21 09:34:41.000,MO2606-P-8200,1607.8,1590.8,1611.2
2025-08-21,2025-08-21 09:34:42.000,MO2606-P-8200,1607.8,1590.8,1612.2
2025-08-21,2025-08-21 09:34:42.500,MO2606-P-8200,1607.8,1590.8,1612.2
2025-08-21,2025-08-21 09:34:43.000,MO2606-P-8200,1607.8,1590.8,1612.2
2025-08-21,2025-08-21 09:34:43.500,MO2606-P-8200,1607.8,1590.8,1612.2
2025-08-21,2025-08-21 09:34:44.000,MO2606-P-8200,1607.8,1590.8,1612.2
2025-08-21,2025-08-21 09:34:44.500,MO2606-P-8200,1607.8,1590.8,1612.2
2025-08-21,2025-08-21 09:34:45.000,MO2606-P-8200,1607.8,1595.6,1612.2
2025-08-21,2025-08-21 09:34:45.500,MO2606-P-8200,1607.8,1595.6,1612.2
2025-08-21,2025-08-21 09:34:47.500,MO2606-P-8200,1607.8,1595.6,1612.2
2025-08-21,2025-08-21 09:34:48.000,MO2606-P-8200,1607.8,1595.6,1612.2
2025-08-21,2025-08-21 09:34:48.500,MO2606-P-8200,1607.8,1595.6,1612.2
2025-08-21,2025-08-21 09:34:49.000,MO2606-P-8200,1607.8,1595.6,1612.2
2025-08-21,2025-08-21 09:34:50.000,MO2606-P-8200,1607.8,1595.6,1613.4
2025-08-21,2025-08-21 09:34:50.500,MO2606-P-8200,1607.8,1595.6,1613.4
2025-08-21,2025-08-21 09:34:51.000,MO2606-P-8200,1607.8,1595.6,1613.4
2025-08-21,2025-08-21 09:34:53.500,MO2606-P-8200,1607.8,1595.6,1613.4
2025-08-21,2025-08-21 09:34:58.000,MO2606-P-8200,1607.8,1595.6,1613.4
2025-08-21,2025-08-21 09:34:59.000,MO2606-P-8200,1607.8,1595.6,1614.2
2025-08-21,2025-08-21 09:34:59.500,MO2606-P-8200,1607.8,1595.6,1614.2
2025-08-21,2025-08-21 09:35:00.000,MO2606-P-8200,1607.8,1595.6,1614.2
2025-08-21,2025-08-21 09:35:00.500,MO2606-P-8200,1607.8,1595.6,1614.4
2025-08-21,2025-08-21 09:35:01.000,MO2606-P-8200,1607.8,1595.6,1615.6
2025-08-21,2025-08-21 09:35:01.500,MO2606-P-8200,1607.8,1595.6,1615.6
2025-08-21,2025-08-21 09:35:02.000,MO2606-P-8200,1607.8,1595.6,1615.6
2025-08-21,2025-08-21 09:35:02.500,MO2606-P-8200,1607.8,1595.6,1615.6
2025-08-21,2025-08-21 09:35:04.500,MO2606-P-8200,1607.8,1595.6,1615.6
2025-08-21,2025-08-21 09:35:05.500,MO2606-P-8200,1607.8,1595.6,1615.6
2025-08-21,2025-08-21 09:35:08.000,MO2606-P-8200,1607.8,1595.8,1615.6
2025-08-21,2025-08-21 09:35:08.500,MO2606-P-8200,1607.8,1595.8,1615.6
2025-08-21,2025-08-21 09:35:09.000,MO2606-P-8200,1607.8,1595.8,1615.6
2025-08-21,2025-08-21 09:35:09.500,MO2606-P-8200,1607.8,1595.8,1615.6
2025-08-21,2025-08-21 09:35:10.000,MO2606-P-8200,1607.8,1595.8,1615.6
2025-08-21,2025-08-21 09:35:15.500,MO2606-P-8200,1607.8,1595.8,1615.4
2025-08-21,2025-08-21 09:35:18.000,MO2606-P-8200,1607.8,1596.0,1615.4
2025-08-21,2025-08-21 09:35:19.500,MO2606-P-8200,1607.8,1596.0,1615.6
2025-08-21,2025-08-21 09:35:28.000,MO2606-P-8200,1607.8,1596.2,1615.6
2025-08-21,2025-08-21 09:35:29.500,MO2606-P-8200,1607.8,1596.2,1616.0
2025-08-21,2025-08-21 09:35:30.000,MO2606-P-8200,1607.8,1596.2,1616.0
2025-08-21,2025-08-21 09:35:30.500,MO2606-P-8200,1607.8,1596.2,1617.4
2025-08-21,2025-08-21 09:35:31.000,MO2606-P-8200,1607.8,1596.2,1617.4
2025-08-21,2025-08-21 09:35:31.500,MO2606-P-8200,1607.8,1596.2,1618.4
2025-08-21,2025-08-21 09:35:32.000,MO2606-P-8200,1607.8,1596.2,1618.4
2025-08-21,2025-08-21 09:35:32.500,MO2606-P-8200,1607.8,1596.2,1618.4
2025-08-21,2025-08-21 09:35:33.000,MO2606-P-8200,1607.8,1596.2,1618.4
2025-08-21,2025-08-21 09:35:33.500,MO2606-P-8200,1607.8,1596.2,1618.4
2025-08-21,2025-08-21 09:35:34.000,MO2606-P-8200,1607.8,1596.2,1618.4
2025-08-21,2025-08-21 09:35:34.500,MO2606-P-8200,1607.8,1596.2,1618.4
2025-08-21,2025-08-21 09:35:35.500,MO2606-P-8200,1607.8,1596.2,1618.4
2025-08-21,2025-08-21 09:35:37.000,MO2606-P-8200,1607.8,1596.2,1618.4
2025-08-21,2025-08-21 09:35:38.000,MO2606-P-8200,1607.8,1596.4,1618.4
2025-08-21,2025-08-21 09:35:42.000,MO2606-P-8200,1607.8,1596.4,1618.4
2025-08-21,2025-08-21 09:35:45.500,MO2606-P-8200,1607.8,1596.4,1618.4
2025-08-21,2025-08-21 09:35:48.000,MO2606-P-8200,1607.8,1596.6,1618.4
2025-08-21,2025-08-21 09:35:48.500,MO2606-P-8200,1607.8,1596.6,1618.4
2025-08-21,2025-08-21 09:35:53.000,MO2606-P-8200,1607.8,1596.6,1618.4
2025-08-21,2025-08-21 09:35:56.000,MO2606-P-8200,1607.8,1596.6,1618.4
2025-08-21,2025-08-21 09:35:56.500,MO2606-P-8200,1607.8,1596.6,1618.4
2025-08-21,2025-08-21 09:35:58.000,MO2606-P-8200,1607.8,1596.8,1618.4
2025-08-21,2025-08-21 09:35:59.000,MO2606-P-8200,1607.8,1596.4,1618.4
2025-08-21,2025-08-21 09:35:59.500,MO2606-P-8200,1607.8,1596.4,1618.4
2025-08-21,2025-08-21 09:36:00.000,MO2606-P-8200,1607.8,1596.4,1618.4
2025-08-21,2025-08-21 09:36:03.000,MO2606-P-8200,1607.8,1596.4,1618.2
2025-08-21,2025-08-21 09:36:06.500,MO2606-P-8200,1607.8,1596.4,1618.2
2025-08-21,2025-08-21 09:36:07.000,MO2606-P-8200,1607.8,1596.4,1618.2
2025-08-21,2025-08-21 09:36:13.000,MO2606-P-8200,1607.8,1596.4,1618.0
2025-08-21,2025-08-21 09:36:13.500,MO2606-P-8200,1607.8,1596.6,1618.0
2025-08-21,2025-08-21 09:36:14.000,MO2606-P-8200,1607.8,1596.6,1618.0
2025-08-21,2025-08-21 09:36:20.000,MO2606-P-8200,1607.8,1596.6,1618.0
2025-08-21,2025-08-21 09:36:20.500,MO2606-P-8200,1607.8,1596.6,1618.0
2025-08-21,2025-08-21 09:36:21.000,MO2606-P-8200,1607.8,1596.6,1618.0
2025-08-21,2025-08-21 09:36:23.000,MO2606-P-8200,1607.8,1596.6,1617.8
2025-08-21,2025-08-21 09:36:23.500,MO2606-P-8200,1607.8,1596.6,1617.8
2025-08-21,2025-08-21 09:36:33.000,MO2606-P-8200,1607.8,1596.6,1617.6
2025-08-21,2025-08-21 09:36:42.000,MO2606-P-8200,1607.8,1596.6,1617.6
2025-08-21,2025-08-21 09:36:43.000,MO2606-P-8200,1607.8,1596.6,1617.4
2025-08-21,2025-08-21 09:36:50.000,MO2606-P-8200,1607.8,1596.6,1617.4
2025-08-21,2025-08-21 09:36:53.000,MO2606-P-8200,1607.8,1596.6,1617.2
2025-08-21,2025-08-21 09:36:54.500,MO2606-P-8200,1607.8,1596.6,1617.2
2025-08-21,2025-08-21 09:37:03.000,MO2606-P-8200,1607.8,1596.6,1617.0
2025-08-21,2025-08-21 09:37:04.500,MO2606-P-8200,1607.8,1596.8,1617.0
2025-08-21,2025-08-21 09:37:05.000,MO2606-P-8200,1607.8,1596.8,1617.0
2025-08-21,2025-08-21 09:37:09.000,MO2606-P-8200,1607.8,1596.6,1617.0
2025-08-21,2025-08-21 09:37:10.000,MO2606-P-8200,1607.8,1596.4,1617.0
2025-08-21,2025-08-21 09:37:10.500,MO2606-P-8200,1607.8,1596.4,1617.0
2025-08-21,2025-08-21 09:37:13.000,MO2606-P-8200,1607.8,1596.4,1616.8
2025-08-21,2025-08-21 09:37:14.000,MO2606-P-8200,1607.8,1596.4,1616.8
2025-08-21,2025-08-21 09:37:15.000,MO2606-P-8200,1607.8,1596.0,1616.8
2025-08-21,2025-08-21 09:37:15.500,MO2606-P-8200,1607.8,1596.0,1616.8
2025-08-21,2025-08-21 09:37:16.000,MO2606-P-8200,1607.8,1596.0,1616.8
2025-08-21,2025-08-21 09:37:17.500,MO2606-P-8200,1607.8,1595.6,1616.8
2025-08-21,2025-08-21 09:37:18.000,MO2606-P-8200,1607.8,1595.6,1616.8
2025-08-21,2025-08-21 09:37:18.500,MO2606-P-8200,1607.8,1595.6,1616.8
2025-08-21,2025-08-21 09:37:19.000,MO2606-P-8200,1607.8,1595.6,1616.8
2025-08-21,2025-08-21 09:37:19.500,MO2606-P-8200,1607.8,1595.6,1616.8
2025-08-21,2025-08-21 09:37:21.000,MO2606-P-8200,1607.8,1595.6,1616.8
2025-08-21,2025-08-21 09:37:21.500,MO2606-P-8200,1607.8,1595.6,1616.8
2025-08-21,2025-08-21 09:37:22.000,MO2606-P-8200,1607.8,1595.6,1616.8
2025-08-21,2025-08-21 09:37:23.000,MO2606-P-8200,1607.8,1595.6,1616.6
2025-08-21,2025-08-21 09:37:23.500,MO2606-P-8200,1607.8,1595.6,1616.6
2025-08-21,2025-08-21 09:37:24.500,MO2606-P-8200,1607.8,1595.6,1616.6
2025-08-21,2025-08-21 09:37:29.500,MO2606-P-8200,1607.8,1595.6,1616.6
2025-08-21,2025-08-21 09:37:33.000,MO2606-P-8200,1607.8,1595.6,1616.4
2025-08-21,2025-08-21 09:37:35.500,MO2606-P-8200,1607.8,1595.6,1616.4
2025-08-21,2025-08-21 09:37:37.000,MO2606-P-8200,1607.8,1595.6,1616.4
2025-08-21,2025-08-21 09:37:38.000,MO2606-P-8200,1607.8,1595.6,1616.4
2025-08-21,2025-08-21 09:37:39.500,MO2606-P-8200,1607.8,1595.6,1616.4
2025-08-21,2025-08-21 09:37:43.000,MO2606-P-8200,1607.8,1595.6,1616.2
2025-08-21,2025-08-21 09:37:48.500,MO2606-P-8200,1607.8,1595.8,1616.2
2025-08-21,2025-08-21 09:37:49.000,MO2606-P-8200,1607.8,1595.8,1616.2
2025-08-21,2025-08-21 09:37:50.500,MO2606-P-8200,1607.8,1595.8,1618.2
2025-08-21,2025-08-21 09:37:51.000,MO2606-P-8200,1607.8,1595.8,1618.2
2025-08-21,2025-08-21 09:37:54.000,MO2606-P-8200,1607.8,1596.6,1618.2
2025-08-21,2025-08-21 09:37:54.500,MO2606-P-8200,1607.8,1596.6,1618.2
2025-08-21,2025-08-21 09:37:55.000,MO2606-P-8200,1607.8,1596.6,1618.2
2025-08-21,2025-08-21 09:37:55.500,MO2606-P-8200,1607.8,1596.6,1618.2
2025-08-21,2025-08-21 09:37:56.000,MO2606-P-8200,1607.8,1596.6,1618.2
2025-08-21,2025-08-21 09:37:58.500,MO2606-P-8200,1607.8,1596.6,1618.2
2025-08-21,2025-08-21 09:38:01.000,MO2606-P-8200,1607.8,1596.6,1618.0
2025-08-21,2025-08-21 09:38:01.500,MO2606-P-8200,1607.8,1596.6,1618.0
2025-08-21,2025-08-21 09:38:02.000,MO2606-P-8200,1607.8,1596.6,1618.0
2025-08-21,2025-08-21 09:38:02.500,MO2606-P-8200,1607.8,1596.6,1618.0
2025-08-21,2025-08-21 09:38:03.500,MO2606-P-8200,1607.8,1596.6,1618.0
2025-08-21,2025-08-21 09:38:06.500,MO2606-P-8200,1607.8,1596.6,1618.0
2025-08-21,2025-08-21 09:38:07.000,MO2606-P-8200,1607.8,1596.6,1618.0
2025-08-21,2025-08-21 09:38:08.500,MO2606-P-8200,1607.8,1596.8,1618.0
2025-08-21,2025-08-21 09:38:11.000,MO2606-P-8200,1607.8,1596.8,1617.8
2025-08-21,2025-08-21 09:38:11.500,MO2606-P-8200,1596.8,1596.6,1617.8
2025-08-21,2025-08-21 09:38:16.500,MO2606-P-8200,1596.8,1596.6,1617.8
2025-08-21,2025-08-21 09:38:17.000,MO2606-P-8200,1596.8,1596.6,1617.8
2025-08-21,2025-08-21 09:38:18.500,MO2606-P-8200,1596.8,1596.6,1617.8
2025-08-21,2025-08-21 09:38:19.500,MO2606-P-8200,1596.8,1596.6,1617.8
2025-08-21,2025-08-21 09:38:20.500,MO2606-P-8200,1596.8,1596.6,1617.8
2025-08-21,2025-08-21 09:38:21.000,MO2606-P-8200,1596.8,1596.6,1617.6
2025-08-21,2025-08-21 09:38:22.000,MO2606-P-8200,1596.8,1596.6,1617.6
2025-08-21,2025-08-21 09:38:23.000,MO2606-P-8200,1596.8,1596.6,1617.6
2025-08-21,2025-08-21 09:38:26.000,MO2606-P-8200,1596.8,1596.6,1617.6
2025-08-21,2025-08-21 09:38:27.500,MO2606-P-8200,1596.8,1596.6,1617.6
2025-08-21,2025-08-21 09:38:28.000,MO2606-P-8200,1596.8,1596.6,1615.8
2025-08-21,2025-08-21 09:38:28.500,MO2606-P-8200,1596.8,1596.6,1615.8
2025-08-21,2025-08-21 09:38:29.000,MO2606-P-8200,1596.8,1596.6,1615.8
2025-08-21,2025-08-21 09:38:32.000,MO2606-P-8200,1596.8,1596.6,1615.8
2025-08-21,2025-08-21 09:38:32.500,MO2606-P-8200,1596.8,1596.6,1615.8
2025-08-21,2025-08-21 09:38:33.000,MO2606-P-8200,1596.8,1596.6,1615.8
2025-08-21,2025-08-21 09:38:33.500,MO2606-P-8200,1596.8,1596.6,1615.8
2025-08-21,2025-08-21 09:38:35.500,MO2606-P-8200,1596.8,1596.6,1615.8
2025-08-21,2025-08-21 09:38:36.000,MO2606-P-8200,1596.8,1596.6,1615.8
2025-08-21,2025-08-21 09:38:37.000,MO2606-P-8200,1596.8,1596.6,1615.8
2025-08-21,2025-08-21 09:38:37.500,MO2606-P-8200,1596.8,1596.6,1615.8
2025-08-21,2025-08-21 09:38:38.500,MO2606-P-8200,1596.8,1596.6,1615.6
2025-08-21,2025-08-21 09:38:39.500,MO2606-P-8200,1596.8,1596.6,1615.4
2025-08-21,2025-08-21 09:38:40.000,MO2606-P-8200,1596.8,1596.6,1615.4
2025-08-21,2025-08-21 09:38:40.500,MO2606-P-8200,1596.8,1596.6,1615.4
2025-08-21,2025-08-21 09:38:41.000,MO2606-P-8200,1596.8,1596.6,1615.4
2025-08-21,2025-08-21 09:38:42.000,MO2606-P-8200,1596.8,1596.6,1615.4
2025-08-21,2025-08-21 09:38:42.500,MO2606-P-8200,1596.8,1596.6,1615.4
2025-08-21,2025-08-21 09:38:48.500,MO2606-P-8200,1596.8,1596.6,1615.4
2025-08-21,2025-08-21 09:38:50.000,MO2606-P-8200,1596.8,1596.6,1615.4
2025-08-21,2025-08-21 09:38:50.500,MO2606-P-8200,1596.8,1596.6,1615.4
2025-08-21,2025-08-21 09:38:56.500,MO2606-P-8200,1596.8,1596.6,1615.4
2025-08-21,2025-08-21 09:38:58.500,MO2606-P-8200,1596.8,1596.6,1615.2
2025-08-21,2025-08-21 09:39:01.000,MO2606-P-8200,1596.8,1596.6,1615.2
2025-08-21,2025-08-21 09:39:01.500,MO2606-P-8200,1596.8,1596.6,1615.2
2025-08-21,2025-08-21 09:39:02.000,MO2606-P-8200,1596.8,1596.6,1615.2
2025-08-21,2025-08-21 09:39:03.500,MO2606-P-8200,1596.8,1596.6,1615.2
2025-08-21,2025-08-21 09:39:04.500,MO2606-P-8200,1596.8,1596.6,1615.2
2025-08-21,2025-08-21 09:39:08.500,MO2606-P-8200,1596.8,1596.6,1615.0
2025-08-21,2025-08-21 09:39:10.000,MO2606-P-8200,1596.8,1596.6,1615.0
2025-08-21,2025-08-21 09:39:12.000,MO2606-P-8200,1596.8,1597.0,1615.0
2025-08-21,2025-08-21 09:39:12.500,MO2606-P-8200,1596.8,1597.0,1615.0
2025-08-21,2025-08-21 09:39:13.000,MO2606-P-8200,1596.8,1597.0,1615.0
2025-08-21,2025-08-21 09:39:13.500,MO2606-P-8200,1596.8,1597.0,1615.0
2025-08-21,2025-08-21 09:39:14.000,MO2606-P-8200,1596.8,1597.0,1615.0
2025-08-21,2025-08-21 09:39:14.500,MO2606-P-8200,1596.8,1597.0,1615.0
2025-08-21,2025-08-21 09:39:16.000,MO2606-P-8200,1596.8,1597.0,1600.0
2025-08-21,2025-08-21 09:39:16.500,MO2606-P-8200,1600.0,1597.0,1611.0
2025-08-21,2025-08-21 09:39:17.000,MO2606-P-8200,1600.0,1611.0,1615.0
2025-08-21,2025-08-21 09:39:17.500,MO2606-P-8200,1600.0,1611.0,1615.0
2025-08-21,2025-08-21 09:39:18.000,MO2606-P-8200,1600.0,1611.0,1615.0
2025-08-21,2025-08-21 09:39:18.500,MO2606-P-8200,1600.0,1611.0,1614.8
2025-08-21,2025-08-21 09:39:19.000,MO2606-P-8200,1600.0,1611.0,1614.8
2025-08-21,2025-08-21 09:39:19.500,MO2606-P-8200,1600.0,1611.0,1614.8
2025-08-21,2025-08-21 09:39:20.000,MO2606-P-8200,1600.0,1611.0,1614.8
2025-08-21,2025-08-21 09:39:20.500,MO2606-P-8200,1600.0,1611.0,1614.8
2025-08-21,2025-08-21 09:39:21.000,MO2606-P-8200,1600.0,1611.0,1614.8
2025-08-21,2025-08-21 09:39:21.500,MO2606-P-8200,1600.0,1611.0,1614.8
2025-08-21,2025-08-21 09:39:22.000,MO2606-P-8200,1600.0,1611.0,1614.8
2025-08-21,2025-08-21 09:39:22.500,MO2606-P-8200,1600.0,1611.0,1614.8
2025-08-21,2025-08-21 09:39:23.000,MO2606-P-8200,1600.0,1611.0,1614.8
2025-08-21,2025-08-21 09:39:23.500,MO2606-P-8200,1600.0,1611.0,1614.8
2025-08-21,2025-08-21 09:39:24.000,MO2606-P-8200,1600.0,1611.0,1616.6
2025-08-21,2025-08-21 09:39:24.500,MO2606-P-8200,1600.0,1611.0,1616.6
2025-08-21,2025-08-21 09:39:25.000,MO2606-P-8200,1600.0,1611.0,1616.6
2025-08-21,2025-08-21 09:39:25.500,MO2606-P-8200,1600.0,1611.0,1616.6
2025-08-21,2025-08-21 09:39:26.000,MO2606-P-8200,1600.0,1611.0,1616.6
2025-08-21,2025-08-21 09:39:26.500,MO2606-P-8200,1600.0,1611.0,1616.6
2025-08-21,2025-08-21 09:39:27.000,MO2606-P-8200,1600.0,1611.0,1616.6
2025-08-21,2025-08-21 09:39:28.000,MO2606-P-8200,1616.6,1604.0,1618.0
2025-08-21,2025-08-21 09:39:28.500,MO2606-P-8200,1616.6,1602.8,1618.0
2025-08-21,2025-08-21 09:39:29.000,MO2606-P-8200,1616.6,1602.8,1618.0
2025-08-21,2025-08-21 09:39:29.500,MO2606-P-8200,1616.6,1602.8,1618.0
2025-08-21,2025-08-21 09:39:30.000,MO2606-P-8200,1616.6,1602.8,1619.6
2025-08-21,2025-08-21 09:39:30.500,MO2606-P-8200,1616.6,1602.8,1619.6
2025-08-21,2025-08-21 09:39:31.000,MO2606-P-8200,1616.6,1602.8,1619.6
2025-08-21,2025-08-21 09:39:31.500,MO2606-P-8200,1616.6,1602.8,1619.6
2025-08-21,2025-08-21 09:39:32.000,MO2606-P-8200,1616.6,1602.8,1619.6
2025-08-21,2025-08-21 09:39:36.000,MO2606-P-8200,1616.6,1602.8,1619.6
2025-08-21,2025-08-21 09:39:40.000,MO2606-P-8200,1602.8,1602.8,1619.6
2025-08-21,2025-08-21 09:39:40.500,MO2606-P-8200,1602.8,1602.4,1619.6
2025-08-21,2025-08-21 09:39:41.000,MO2606-P-8200,1602.8,1602.4,1619.4
2025-08-21,2025-08-21 09:39:41.500,MO2606-P-8200,1602.8,1602.4,1619.4
2025-08-21,2025-08-21 09:39:42.500,MO2606-P-8200,1602.8,1602.4,1619.4
2025-08-21,2025-08-21 09:39:44.000,MO2606-P-8200,1602.8,1602.4,1619.4
2025-08-21,2025-08-21 09:39:46.000,MO2606-P-8200,1602.8,1602.4,1619.4
2025-08-21,2025-08-21 09:39:46.500,MO2606-P-8200,1602.8,1602.4,1619.4
2025-08-21,2025-08-21 09:39:48.500,MO2606-P-8200,1602.8,1602.4,1619.4
2025-08-21,2025-08-21 09:39:50.000,MO2606-P-8200,1602.8,1602.4,1619.4
2025-08-21,2025-08-21 09:39:50.500,MO2606-P-8200,1602.8,1602.4,1619.4
2025-08-21,2025-08-21 09:39:51.000,MO2606-P-8200,1602.8,1602.4,1619.2
2025-08-21,2025-08-21 09:40:01.000,MO2606-P-8200,1602.8,1602.4,1619.0
2025-08-21,2025-08-21 09:40:02.000,MO2606-P-8200,1602.4,1602.4,1619.0
2025-08-21,2025-08-21 09:40:02.500,MO2606-P-8200,1602.4,1601.8,1619.0
2025-08-21,2025-08-21 09:40:03.000,MO2606-P-8200,1602.4,1601.2,1619.0
2025-08-21,2025-08-21 09:40:03.500,MO2606-P-8200,1602.4,1601.2,1602.4
2025-08-21,2025-08-21 09:40:04.000,MO2606-P-8200,1602.4,1601.2,1602.4
2025-08-21,2025-08-21 09:40:04.500,MO2606-P-8200,1602.4,1601.2,1612.6
2025-08-21,2025-08-21 09:40:05.000,MO2606-P-8200,1602.4,1601.0,1619.0
2025-08-21,2025-08-21 09:40:05.500,MO2606-P-8200,1602.4,1601.0,1619.0
2025-08-21,2025-08-21 09:40:08.500,MO2606-P-8200,1602.4,1601.0,1619.0
2025-08-21,2025-08-21 09:40:09.000,MO2606-P-8200,1602.4,1601.0,1619.0
2025-08-21,2025-08-21 09:40:10.000,MO2606-P-8200,1602.4,1601.0,1619.4
2025-08-21,2025-08-21 09:40:10.500,MO2606-P-8200,1602.4,1601.0,1620.6
2025-08-21,2025-08-21 09:40:11.000,MO2606-P-8200,1602.4,1601.0,1620.6
2025-08-21,2025-08-21 09:40:11.500,MO2606-P-8200,1602.4,1601.4,1620.6
2025-08-21,2025-08-21 09:40:12.000,MO2606-P-8200,1602.4,1601.0,1620.6
2025-08-21,2025-08-21 09:40:12.500,MO2606-P-8200,1602.4,1601.0,1620.6
2025-08-21,2025-08-21 09:40:15.500,MO2606-P-8200,1602.4,1601.0,1620.6
2025-08-21,2025-08-21 09:40:16.500,MO2606-P-8200,1602.4,1601.0,1621.0
2025-08-21,2025-08-21 09:40:17.000,MO2606-P-8200,1602.4,1601.0,1621.0
2025-08-21,2025-08-21 09:40:18.500,MO2606-P-8200,1602.4,1601.2,1621.8
2025-08-21,2025-08-21 09:40:19.000,MO2606-P-8200,1602.4,1601.2,1622.0
2025-08-21,2025-08-21 09:40:19.500,MO2606-P-8200,1602.4,1601.2,1622.6
2025-08-21,2025-08-21 09:40:20.000,MO2606-P-8200,1602.4,1601.2,1622.6
2025-08-21,2025-08-21 09:40:20.500,MO2606-P-8200,1602.4,1601.2,1622.6
2025-08-21,2025-08-21 09:40:21.000,MO2606-P-8200,1602.4,1601.2,1623.2
2025-08-21,2025-08-21 09:40:21.500,MO2606-P-8200,1602.4,1601.2,1624.6
2025-08-21,2025-08-21 09:40:22.000,MO2606-P-8200,1602.4,1601.2,1624.6
2025-08-21,2025-08-21 09:40:22.500,MO2606-P-8200,1602.4,1601.2,1624.6
2025-08-21,2025-08-21 09:40:23.500,MO2606-P-8200,1602.4,1601.2,1624.6
2025-08-21,2025-08-21 09:40:24.000,MO2606-P-8200,1602.4,1601.2,1624.6
2025-08-21,2025-08-21 09:40:24.500,MO2606-P-8200,1602.4,1601.2,1625.4
2025-08-21,2025-08-21 09:40:25.000,MO2606-P-8200,1602.4,1601.2,1625.4
2025-08-21,2025-08-21 09:40:25.500,MO2606-P-8200,1602.4,1601.2,1625.4
2025-08-21,2025-08-21 09:40:26.000,MO2606-P-8200,1602.4,1601.2,1625.4
2025-08-21,2025-08-21 09:40:28.500,MO2606-P-8200,1602.4,1601.4,1625.4
2025-08-21,2025-08-21 09:40:29.500,MO2606-P-8200,1602.4,1601.4,1625.6
2025-08-21,2025-08-21 09:40:30.000,MO2606-P-8200,1602.4,1601.4,1625.6
2025-08-21,2025-08-21 09:40:30.500,MO2606-P-8200,1602.4,1601.4,1625.6
2025-08-21,2025-08-21 09:40:31.000,MO2606-P-8200,1602.4,1601.4,1625.6
2025-08-21,2025-08-21 09:40:31.500,MO2606-P-8200,1602.4,1601.4,1625.6
2025-08-21,2025-08-21 09:40:32.000,MO2606-P-8200,1602.4,1601.4,1625.6
2025-08-21,2025-08-21 09:40:33.000,MO2606-P-8200,1602.4,1601.4,1625.6
2025-08-21,2025-08-21 09:40:34.000,MO2606-P-8200,1602.4,1601.4,1626.0
2025-08-21,2025-08-21 09:40:34.500,MO2606-P-8200,1602.4,1601.4,1626.0
2025-08-21,2025-08-21 09:40:35.000,MO2606-P-8200,1602.4,1601.4,1626.0
2025-08-21,2025-08-21 09:40:36.000,MO2606-P-8200,1602.4,1601.4,1626.0
2025-08-21,2025-08-21 09:40:38.500,MO2606-P-8200,1602.4,1601.4,1626.0
2025-08-21,2025-08-21 09:40:39.000,MO2606-P-8200,1602.4,1601.6,1626.0
2025-08-21,2025-08-21 09:40:39.500,MO2606-P-8200,1602.4,1601.6,1628.6
2025-08-21,2025-08-21 09:40:40.000,MO2606-P-8200,1602.4,1602.6,1627.6
2025-08-21,2025-08-21 09:40:40.500,MO2606-P-8200,1602.4,1601.6,1628.6
2025-08-21,2025-08-21 09:40:41.000,MO2606-P-8200,1602.4,1606.4,1627.6
2025-08-21,2025-08-21 09:40:41.500,MO2606-P-8200,1602.4,1606.4,1628.6
2025-08-21,2025-08-21 09:40:42.000,MO2606-P-8200,1602.4,1606.4,1628.6
2025-08-21,2025-08-21 09:40:43.000,MO2606-P-8200,1602.4,1606.4,1629.2
2025-08-21,2025-08-21 09:40:43.500,MO2606-P-8200,1602.4,1606.4,1629.2
2025-08-21,2025-08-21 09:40:44.000,MO2606-P-8200,1602.4,1606.4,1629.2
2025-08-21,2025-08-21 09:40:44.500,MO2606-P-8200,1602.4,1606.4,1629.2
2025-08-21,2025-08-21 09:40:45.000,MO2606-P-8200,1602.4,1606.4,1629.2
2025-08-21,2025-08-21 09:40:49.000,MO2606-P-8200,1602.4,1606.4,1629.2
2025-08-21,2025-08-21 09:40:50.000,MO2606-P-8200,1602.4,1606.4,1629.6
2025-08-21,2025-08-21 09:40:50.500,MO2606-P-8200,1602.4,1606.4,1629.6
2025-08-21,2025-08-21 09:40:51.500,MO2606-P-8200,1602.4,1606.4,1629.6
2025-08-21,2025-08-21 09:40:54.500,MO2606-P-8200,1602.4,1606.4,1629.6
2025-08-21,2025-08-21 09:40:55.000,MO2606-P-8200,1602.4,1606.4,1629.6
2025-08-21,2025-08-21 09:40:56.000,MO2606-P-8200,1602.4,1606.4,1629.6
2025-08-21,2025-08-21 09:40:59.000,MO2606-P-8200,1602.4,1606.6,1629.6
2025-08-21,2025-08-21 09:40:59.500,MO2606-P-8200,1602.4,1606.6,1629.6
2025-08-21,2025-08-21 09:41:00.000,MO2606-P-8200,1602.4,1606.6,1629.6
2025-08-21,2025-08-21 09:41:01.000,MO2606-P-8200,1602.4,1606.6,1629.6
2025-08-21,2025-08-21 09:41:04.000,MO2606-P-8200,1602.4,1611.6,1629.6
2025-08-21,2025-08-21 09:41:04.500,MO2606-P-8200,1602.4,1611.6,1630.0
2025-08-21,2025-08-21 09:41:05.000,MO2606-P-8200,1602.4,1611.6,1630.6
2025-08-21,2025-08-21 09:41:05.500,MO2606-P-8200,1602.4,1611.6,1630.6
2025-08-21,2025-08-21 09:41:06.000,MO2606-P-8200,1602.4,1611.6,1630.6
2025-08-21,2025-08-21 09:41:06.500,MO2606-P-8200,1602.4,1611.6,1630.6
2025-08-21,2025-08-21 09:41:07.000,MO2606-P-8200,1602.4,1611.6,1630.6
2025-08-21,2025-08-21 09:41:07.500,MO2606-P-8200,1602.4,1611.6,1630.6
2025-08-21,2025-08-21 09:41:08.000,MO2606-P-8200,1602.4,1611.2,1630.6
2025-08-21,2025-08-21 09:41:08.500,MO2606-P-8200,1602.4,1611.2,1630.6
2025-08-21,2025-08-21 09:41:09.000,MO2606-P-8200,1602.4,1611.2,1630.6
2025-08-21,2025-08-21 09:41:09.500,MO2606-P-8200,1602.4,1611.2,1630.6
2025-08-21,2025-08-21 09:41:10.500,MO2606-P-8200,1602.4,1611.2,1630.6
2025-08-21,2025-08-21 09:41:11.000,MO2606-P-8200,1602.4,1611.2,1631.8
2025-08-21,2025-08-21 09:41:11.500,MO2606-P-8200,1602.4,1611.2,1631.8
2025-08-21,2025-08-21 09:41:13.500,MO2606-P-8200,1602.4,1611.2,1631.8
2025-08-21,2025-08-21 09:41:14.000,MO2606-P-8200,1602.4,1611.2,1631.8
2025-08-21,2025-08-21 09:41:15.000,MO2606-P-8200,1602.4,1611.2,1631.8
2025-08-21,2025-08-21 09:41:15.500,MO2606-P-8200,1602.4,1611.2,1631.8
2025-08-21,2025-08-21 09:41:16.500,MO2606-P-8200,1602.4,1611.2,1631.8
2025-08-21,2025-08-21 09:41:17.000,MO2606-P-8200,1602.4,1611.2,1631.8
2025-08-21,2025-08-21 09:41:17.500,MO2606-P-8200,1602.4,1611.2,1620.0
2025-08-21,2025-08-21 09:41:18.000,MO2606-P-8200,1602.4,1611.2,1620.0
2025-08-21,2025-08-21 09:41:18.500,MO2606-P-8200,1602.4,1611.2,1620.0
2025-08-21,2025-08-21 09:41:19.500,MO2606-P-8200,1602.4,1611.2,1620.0
2025-08-21,2025-08-21 09:41:20.000,MO2606-P-8200,1602.4,1611.2,1620.0
2025-08-21,2025-08-21 09:41:20.500,MO2606-P-8200,1602.4,1611.2,1620.0
2025-08-21,2025-08-21 09:41:21.000,MO2606-P-8200,1602.4,1611.2,1620.0
2025-08-21,2025-08-21 09:41:24.000,MO2606-P-8200,1602.4,1611.4,1620.0
2025-08-21,2025-08-21 09:41:25.500,MO2606-P-8200,1602.4,1611.4,1620.0
2025-08-21,2025-08-21 09:41:30.000,MO2606-P-8200,1602.4,1611.4,1615.0
2025-08-21,2025-08-21 09:41:30.500,MO2606-P-8200,1615.0,1611.4,1627.4
2025-08-21,2025-08-21 09:41:31.000,MO2606-P-8200,1615.0,1611.4,1627.4
2025-08-21,2025-08-21 09:41:32.000,MO2606-P-8200,1615.0,1611.4,1628.0
2025-08-21,2025-08-21 09:41:32.500,MO2606-P-8200,1615.0,1611.4,1631.2
2025-08-21,2025-08-21 09:41:33.000,MO2606-P-8200,1615.0,1611.4,1631.2
2025-08-21,2025-08-21 09:41:34.000,MO2606-P-8200,1615.0,1611.6,1631.2
2025-08-21,2025-08-21 09:41:37.500,MO2606-P-8200,1615.0,1611.6,1631.2
2025-08-21,2025-08-21 09:41:38.000,MO2606-P-8200,1615.0,1611.6,1631.2
2025-08-21,2025-08-21 09:41:38.500,MO2606-P-8200,1615.0,1611.6,1631.2
2025-08-21,2025-08-21 09:41:39.000,MO2606-P-8200,1615.0,1611.6,1631.2
2025-08-21,2025-08-21 09:41:39.500,MO2606-P-8200,1615.0,1611.6,1631.2
2025-08-21,2025-08-21 09:41:43.000,MO2606-P-8200,1615.0,1611.6,1631.0
2025-08-21,2025-08-21 09:41:44.000,MO2606-P-8200,1615.0,1611.8,1631.0
2025-08-21,2025-08-21 09:41:53.000,MO2606-P-8200,1615.0,1611.8,1630.8
2025-08-21,2025-08-21 09:41:54.000,MO2606-P-8200,1615.0,1612.0,1630.8
2025-08-21,2025-08-21 09:41:55.000,MO2606-P-8200,1615.0,1611.2,1630.8
2025-08-21,2025-08-21 09:41:55.500,MO2606-P-8200,1615.0,1611.2,1630.8
2025-08-21,2025-08-21 09:41:56.500,MO2606-P-8200,1615.0,1611.2,1630.8
2025-08-21,2025-08-21 09:41:57.000,MO2606-P-8200,1615.0,1611.2,1630.8
2025-08-21,2025-08-21 09:41:57.500,MO2606-P-8200,1615.0,1611.2,1630.8
2025-08-21,2025-08-21 09:42:01.500,MO2606-P-8200,1615.0,1611.0,1630.8
2025-08-21,2025-08-21 09:42:02.000,MO2606-P-8200,1615.0,1611.0,1630.8
2025-08-21,2025-08-21 09:42:03.000,MO2606-P-8200,1615.0,1611.0,1630.6
2025-08-21,2025-08-21 09:42:13.000,MO2606-P-8200,1615.0,1611.2,1630.4
2025-08-21,2025-08-21 09:42:14.500,MO2606-P-8200,1615.0,1610.8,1630.4
2025-08-21,2025-08-21 09:42:15.000,MO2606-P-8200,1615.0,1610.8,1630.4
2025-08-21,2025-08-21 09:42:15.500,MO2606-P-8200,1615.0,1610.8,1630.4
2025-08-21,2025-08-21 09:42:16.000,MO2606-P-8200,1615.0,1610.8,1630.4
2025-08-21,2025-08-21 09:42:16.500,MO2606-P-8200,1615.0,1610.8,1630.4
2025-08-21,2025-08-21 09:42:17.000,MO2606-P-8200,1615.0,1610.8,1630.4
2025-08-21,2025-08-21 09:42:17.500,MO2606-P-8200,1615.0,1610.8,1630.4
2025-08-21,2025-08-21 09:42:18.000,MO2606-P-8200,1615.0,1610.4,1630.4
2025-08-21,2025-08-21 09:42:18.500,MO2606-P-8200,1615.0,1610.4,1630.4
2025-08-21,2025-08-21 09:42:19.000,MO2606-P-8200,1615.0,1610.4,1630.4
2025-08-21,2025-08-21 09:42:19.500,MO2606-P-8200,1615.0,1610.4,1630.4
2025-08-21,2025-08-21 09:42:20.000,MO2606-P-8200,1615.0,1610.4,1630.4
2025-08-21,2025-08-21 09:42:23.000,MO2606-P-8200,1615.0,1610.4,1630.2
2025-08-21,2025-08-21 09:42:25.000,MO2606-P-8200,1615.0,1610.4,1615.0
2025-08-21,2025-08-21 09:42:25.500,MO2606-P-8200,1615.0,1610.4,1615.0
2025-08-21,2025-08-21 09:42:26.000,MO2606-P-8200,1615.0,1610.4,1615.0
2025-08-21,2025-08-21 09:42:26.500,MO2606-P-8200,1615.0,1610.4,1615.0
2025-08-21,2025-08-21 09:42:27.000,MO2606-P-8200,1615.0,1610.4,1615.0
2025-08-21,2025-08-21 09:42:27.500,MO2606-P-8200,1615.0,1610.4,1615.0
2025-08-21,2025-08-21 09:42:29.000,MO2606-P-8200,1615.0,1610.4,1615.0
2025-08-21,2025-08-21 09:42:29.500,MO2606-P-8200,1615.0,1610.4,1615.0
2025-08-21,2025-08-21 09:42:30.500,MO2606-P-8200,1615.0,1610.4,1615.0
2025-08-21,2025-08-21 09:42:31.000,MO2606-P-8200,1615.0,1610.4,1615.0
2025-08-21,2025-08-21 09:42:31.500,MO2606-P-8200,1615.0,1610.4,1615.0
2025-08-21,2025-08-21 09:42:33.000,MO2606-P-8200,1615.0,1610.4,1615.0
2025-08-21,2025-08-21 09:42:33.500,MO2606-P-8200,1615.0,1610.4,1615.0
2025-08-21,2025-08-21 09:42:34.000,MO2606-P-8200,1615.0,1610.4,1615.0
2025-08-21,2025-08-21 09:42:34.500,MO2606-P-8200,1615.0,1610.4,1615.0
2025-08-21,2025-08-21 09:42:35.000,MO2606-P-8200,1615.0,1610.4,1615.0
2025-08-21,2025-08-21 09:42:35.500,MO2606-P-8200,1615.0,1610.4,1615.0
2025-08-21,2025-08-21 09:42:36.000,MO2606-P-8200,1610.4,1610.4,1625.2
2025-08-21,2025-08-21 09:42:36.500,MO2606-P-8200,1610.4,1610.4,1627.4
2025-08-21,2025-08-21 09:42:37.000,MO2606-P-8200,1610.4,1610.6,1627.4
2025-08-21,2025-08-21 09:42:37.500,MO2606-P-8200,1610.4,1610.6,1627.4
2025-08-21,2025-08-21 09:42:47.000,MO2606-P-8200,1610.4,1610.8,1627.4
2025-08-21,2025-08-21 09:42:50.500,MO2606-P-8200,1610.4,1610.8,1627.4
2025-08-21,2025-08-21 09:42:51.500,MO2606-P-8200,1610.4,1610.8,1630.8
2025-08-21,2025-08-21 09:42:52.000,MO2606-P-8200,1610.4,1610.8,1630.8
2025-08-21,2025-08-21 09:42:52.500,MO2606-P-8200,1610.4,1610.8,1630.8
2025-08-21,2025-08-21 09:42:53.500,MO2606-P-8200,1610.4,1610.8,1630.8
2025-08-21,2025-08-21 09:42:54.000,MO2606-P-8200,1610.4,1610.8,1630.8
2025-08-21,2025-08-21 09:42:57.000,MO2606-P-8200,1610.4,1611.0,1630.8
2025-08-21,2025-08-21 09:43:02.000,MO2606-P-8200,1610.4,1611.0,1630.8
2025-08-21,2025-08-21 09:43:02.500,MO2606-P-8200,1610.4,1611.0,1630.8
2025-08-21,2025-08-21 09:43:07.000,MO2606-P-8200,1610.4,1611.2,1630.8
2025-08-21,2025-08-21 09:43:08.000,MO2606-P-8200,1610.4,1611.2,1630.8
2025-08-21,2025-08-21 09:43:08.500,MO2606-P-8200,1610.4,1611.2,1630.8
2025-08-21,2025-08-21 09:43:09.000,MO2606-P-8200,1610.4,1609.2,1630.8
2025-08-21,2025-08-21 09:43:09.500,MO2606-P-8200,1610.4,1609.2,1630.8
2025-08-21,2025-08-21 09:43:10.000,MO2606-P-8200,1610.4,1609.2,1630.8
2025-08-21,2025-08-21 09:43:10.500,MO2606-P-8200,1610.4,1609.2,1630.8
2025-08-21,2025-08-21 09:43:11.000,MO2606-P-8200,1610.4,1609.2,1630.8
2025-08-21,2025-08-21 09:43:11.500,MO2606-P-8200,1610.4,1609.2,1630.6
2025-08-21,2025-08-21 09:43:12.000,MO2606-P-8200,1610.4,1609.2,1630.6
2025-08-21,2025-08-21 09:43:12.500,MO2606-P-8200,1610.4,1609.2,1630.6
2025-08-21,2025-08-21 09:43:14.000,MO2606-P-8200,1610.4,1608.0,1630.6
2025-08-21,2025-08-21 09:43:14.500,MO2606-P-8200,1610.4,1607.8,1630.6
2025-08-21,2025-08-21 09:43:15.000,MO2606-P-8200,1610.4,1607.8,1630.6
2025-08-21,2025-08-21 09:43:15.500,MO2606-P-8200,1610.4,1607.8,1630.6
2025-08-21,2025-08-21 09:43:17.000,MO2606-P-8200,1610.4,1607.8,1630.6
2025-08-21,2025-08-21 09:43:27.000,MO2606-P-8200,1610.4,1607.8,1630.4
2025-08-21,2025-08-21 09:43:27.500,MO2606-P-8200,1610.4,1607.8,1630.4
2025-08-21,2025-08-21 09:43:28.000,MO2606-P-8200,1610.4,1607.8,1630.4
2025-08-21,2025-08-21 09:43:29.000,MO2606-P-8200,1610.4,1607.8,1630.4
2025-08-21,2025-08-21 09:43:35.000,MO2606-P-8200,1610.4,1608.0,1630.4
2025-08-21,2025-08-21 09:43:37.000,MO2606-P-8200,1610.4,1608.0,1630.2
2025-08-21,2025-08-21 09:43:45.500,MO2606-P-8200,1610.4,1608.0,1630.2
2025-08-21,2025-08-21 09:43:47.000,MO2606-P-8200,1610.4,1608.0,1630.0
2025-08-21,2025-08-21 09:43:55.500,MO2606-P-8200,1610.4,1608.2,1630.0
2025-08-21,2025-08-21 09:43:56.000,MO2606-P-8200,1610.4,1608.2,1630.0
2025-08-21,2025-08-21 09:43:56.500,MO2606-P-8200,1610.4,1608.2,1630.0
2025-08-21,2025-08-21 09:43:57.000,MO2606-P-8200,1610.4,1608.2,1629.8
2025-08-21,2025-08-21 09:43:58.000,MO2606-P-8200,1610.4,1608.2,1629.8
2025-08-21,2025-08-21 09:43:58.500,MO2606-P-8200,1610.4,1608.2,1629.8
2025-08-21,2025-08-21 09:44:05.500,MO2606-P-8200,1610.4,1608.4,1629.8
2025-08-21,2025-08-21 09:44:07.000,MO2606-P-8200,1610.4,1608.4,1629.6
2025-08-21,2025-08-21 09:44:13.500,MO2606-P-8200,1610.4,1608.4,1629.6
2025-08-21,2025-08-21 09:44:14.000,MO2606-P-8200,1610.4,1608.4,1629.6
2025-08-21,2025-08-21 09:44:15.500,MO2606-P-8200,1610.4,1608.6,1629.6
2025-08-21,2025-08-21 09:44:17.000,MO2606-P-8200,1610.4,1608.6,1629.4
2025-08-21,2025-08-21 09:44:18.500,MO2606-P-8200,1610.4,1608.6,1631.4
2025-08-21,2025-08-21 09:44:19.000,MO2606-P-8200,1610.4,1608.6,1631.4
2025-08-21,2025-08-21 09:44:19.500,MO2606-P-8200,1610.4,1608.6,1631.4
2025-08-21,2025-08-21 09:44:23.500,MO2606-P-8200,1610.4,1608.6,1631.4
2025-08-21,2025-08-21 09:44:25.500,MO2606-P-8200,1610.4,1608.8,1631.4
2025-08-21,2025-08-21 09:44:29.000,MO2606-P-8200,1610.4,1608.8,1631.2
2025-08-21,2025-08-21 09:44:29.500,MO2606-P-8200,1610.4,1608.8,1631.2
2025-08-21,2025-08-21 09:44:30.000,MO2606-P-8200,1610.4,1608.8,1631.2
2025-08-21,2025-08-21 09:44:35.500,MO2606-P-8200,1610.4,1609.0,1631.2
2025-08-21,2025-08-21 09:44:37.500,MO2606-P-8200,1610.4,1609.0,1631.2
2025-08-21,2025-08-21 09:44:39.000,MO2606-P-8200,1610.4,1609.0,1631.0
2025-08-21,2025-08-21 09:44:45.500,MO2606-P-8200,1610.4,1609.2,1631.0
2025-08-21,2025-08-21 09:44:46.500,MO2606-P-8200,1610.4,1619.2,1631.0
2025-08-21,2025-08-21 09:44:47.000,MO2606-P-8200,1610.4,1619.2,1631.0
2025-08-21,2025-08-21 09:44:47.500,MO2606-P-8200,1610.4,1619.2,1631.0
2025-08-21,2025-08-21 09:44:48.000,MO2606-P-8200,1610.4,1619.2,1631.0
2025-08-21,2025-08-21 09:44:48.500,MO2606-P-8200,1610.4,1619.2,1631.0
2025-08-21,2025-08-21 09:44:49.000,MO2606-P-8200,1610.4,1618.0,1630.8
2025-08-21,2025-08-21 09:44:49.500,MO2606-P-8200,1610.4,1618.0,1630.8
2025-08-21,2025-08-21 09:44:50.000,MO2606-P-8200,1610.4,1618.0,1630.8
2025-08-21,2025-08-21 09:44:50.500,MO2606-P-8200,1610.4,1618.0,1630.8
2025-08-21,2025-08-21 09:44:58.000,MO2606-P-8200,1610.4,1618.0,1630.8
2025-08-21,2025-08-21 09:44:58.500,MO2606-P-8200,1610.4,1618.0,1630.8
2025-08-21,2025-08-21 09:44:59.000,MO2606-P-8200,1610.4,1618.0,1630.6
2025-08-21,2025-08-21 09:45:03.000,MO2606-P-8200,1610.4,1614.8,1629.0
2025-08-21,2025-08-21 09:45:03.500,MO2606-P-8200,1610.4,1614.8,1629.0
2025-08-21,2025-08-21 09:45:04.000,MO2606-P-8200,1610.4,1612.6,1629.0
2025-08-21,2025-08-21 09:45:04.500,MO2606-P-8200,1610.4,1610.6,1629.0
2025-08-21,2025-08-21 09:45:05.000,MO2606-P-8200,1610.4,1610.6,1629.0
2025-08-21,2025-08-21 09:45:05.500,MO2606-P-8200,1610.4,1610.6,1628.8
2025-08-21,2025-08-21 09:45:06.000,MO2606-P-8200,1610.4,1610.6,1628.8
2025-08-21,2025-08-21 09:45:06.500,MO2606-P-8200,1610.4,1610.6,1628.8
2025-08-21,2025-08-21 09:45:07.000,MO2606-P-8200,1610.4,1610.6,1628.8
2025-08-21,2025-08-21 09:45:07.500,MO2606-P-8200,1610.4,1610.6,1628.8
2025-08-21,2025-08-21 09:45:08.000,MO2606-P-8200,1610.4,1614.6,1628.6
2025-08-21,2025-08-21 09:45:08.500,MO2606-P-8200,1610.4,1614.6,1628.6
2025-08-21,2025-08-21 09:45:09.000,MO2606-P-8200,1610.4,1614.6,1628.6
2025-08-21,2025-08-21 09:45:09.500,MO2606-P-8200,1610.4,1614.6,1628.6
2025-08-21,2025-08-21 09:45:10.000,MO2606-P-8200,1610.4,1614.6,1628.6
2025-08-21,2025-08-21 09:45:10.500,MO2606-P-8200,1610.4,1614.6,1628.6
2025-08-21,2025-08-21 09:45:11.000,MO2606-P-8200,1610.4,1614.6,1628.6
2025-08-21,2025-08-21 09:45:12.000,MO2606-P-8200,1610.4,1614.6,1628.6
2025-08-21,2025-08-21 09:45:14.000,MO2606-P-8200,1610.4,1614.6,1628.6
2025-08-21,2025-08-21 09:45:15.000,MO2606-P-8200,1610.4,1612.2,1626.2
2025-08-21,2025-08-21 09:45:15.500,MO2606-P-8200,1610.4,1612.2,1626.2
2025-08-21,2025-08-21 09:45:17.000,MO2606-P-8200,1610.4,1612.2,1626.2
2025-08-21,2025-08-21 09:45:17.500,MO2606-P-8200,1610.4,1612.2,1626.2
2025-08-21,2025-08-21 09:45:18.000,MO2606-P-8200,1610.4,1612.2,1626.2
2025-08-21,2025-08-21 09:45:29.000,MO2606-P-8200,1610.4,1612.2,1626.2
2025-08-21,2025-08-21 09:45:35.500,MO2606-P-8200,1610.4,1614.8,1626.2
2025-08-21,2025-08-21 09:45:37.000,MO2606-P-8200,1610.4,1614.8,1626.2
2025-08-21,2025-08-21 09:45:39.000,MO2606-P-8200,1610.4,1614.8,1626.0
2025-08-21,2025-08-21 09:45:49.000,MO2606-P-8200,1610.4,1614.8,1625.8
2025-08-21,2025-08-21 09:45:56.500,MO2606-P-8200,1610.4,1612.2,1625.8
2025-08-21,2025-08-21 09:45:59.000,MO2606-P-8200,1610.4,1612.2,1625.6
2025-08-21,2025-08-21 09:46:01.500,MO2606-P-8200,1610.4,1614.6,1625.6
2025-08-21,2025-08-21 09:46:04.000,MO2606-P-8200,1610.4,1612.2,1625.6
2025-08-21,2025-08-21 09:46:04.500,MO2606-P-8200,1610.4,1612.2,1625.6
2025-08-21,2025-08-21 09:46:05.000,MO2606-P-8200,1610.4,1612.2,1625.6
2025-08-21,2025-08-21 09:46:08.000,MO2606-P-8200,1610.4,1612.2,1625.6
2025-08-21,2025-08-21 09:46:09.000,MO2606-P-8200,1610.4,1612.2,1625.4
2025-08-21,2025-08-21 09:46:12.500,MO2606-P-8200,1610.4,1612.2,1625.4
2025-08-21,2025-08-21 09:46:13.000,MO2606-P-8200,1610.4,1612.2,1625.4
2025-08-21,2025-08-21 09:46:13.500,MO2606-P-8200,1610.4,1612.2,1625.4
2025-08-21,2025-08-21 09:46:18.500,MO2606-P-8200,1610.4,1610.0,1623.4
2025-08-21,2025-08-21 09:46:19.000,MO2606-P-8200,1610.4,1610.0,1623.4
2025-08-21,2025-08-21 09:46:19.500,MO2606-P-8200,1610.4,1610.0,1623.4
2025-08-21,2025-08-21 09:46:20.500,MO2606-P-8200,1610.4,1609.2,1623.4
2025-08-21,2025-08-21 09:46:21.000,MO2606-P-8200,1610.4,1609.2,1623.4
2025-08-21,2025-08-21 09:46:29.000,MO2606-P-8200,1610.4,1609.2,1623.4
2025-08-21,2025-08-21 09:46:33.000,MO2606-P-8200,1610.4,1609.2,1623.4
2025-08-21,2025-08-21 09:46:33.500,MO2606-P-8200,1610.4,1609.2,1623.4
2025-08-21,2025-08-21 09:46:34.500,MO2606-P-8200,1610.4,1609.2,1623.4
2025-08-21,2025-08-21 09:46:35.000,MO2606-P-8200,1610.4,1609.2,1623.4
2025-08-21,2025-08-21 09:46:35.500,MO2606-P-8200,1610.4,1608.4,1621.0
2025-08-21,2025-08-21 09:46:36.000,MO2606-P-8200,1610.4,1608.0,1621.0
2025-08-21,2025-08-21 09:46:36.500,MO2606-P-8200,1610.4,1608.0,1621.0
2025-08-21,2025-08-21 09:46:37.000,MO2606-P-8200,1610.4,1608.0,1621.0
2025-08-21,2025-08-21 09:46:37.500,MO2606-P-8200,1610.4,1608.0,1621.0
2025-08-21,2025-08-21 09:46:38.000,MO2606-P-8200,1610.4,1606.8,1621.0
2025-08-21,2025-08-21 09:46:38.500,MO2606-P-8200,1610.4,1606.8,1621.0
2025-08-21,2025-08-21 09:46:46.000,MO2606-P-8200,1610.4,1606.8,1620.8
2025-08-21,2025-08-21 09:46:46.500,MO2606-P-8200,1610.4,1606.8,1620.8
2025-08-21,2025-08-21 09:46:55.500,MO2606-P-8200,1610.4,1606.8,1620.8
2025-08-21,2025-08-21 09:46:56.000,MO2606-P-8200,1610.4,1606.8,1620.6
2025-08-21,2025-08-21 09:47:06.000,MO2606-P-8200,1610.4,1606.8,1620.4
2025-08-21,2025-08-21 09:47:11.000,MO2606-P-8200,1610.4,1609.0,1620.4
2025-08-21,2025-08-21 09:47:14.000,MO2606-P-8200,1610.4,1609.0,1620.4
2025-08-21,2025-08-21 09:47:14.500,MO2606-P-8200,1610.4,1609.0,1620.4
2025-08-21,2025-08-21 09:47:15.000,MO2606-P-8200,1610.4,1609.0,1620.4
2025-08-21,2025-08-21 09:47:15.500,MO2606-P-8200,1610.4,1609.0,1620.4
2025-08-21,2025-08-21 09:47:16.000,MO2606-P-8200,1610.4,1609.0,1620.2
2025-08-21,2025-08-21 09:47:26.000,MO2606-P-8200,1610.4,1609.0,1620.0
2025-08-21,2025-08-21 09:47:33.500,MO2606-P-8200,1610.4,1609.0,1620.0
2025-08-21,2025-08-21 09:47:34.000,MO2606-P-8200,1610.4,1609.0,1620.0
2025-08-21,2025-08-21 09:47:34.500,MO2606-P-8200,1610.4,1609.0,1620.0
2025-08-21,2025-08-21 09:47:35.000,MO2606-P-8200,1610.4,1609.0,1620.0
2025-08-21,2025-08-21 09:47:36.000,MO2606-P-8200,1610.4,1609.0,1619.8
2025-08-21,2025-08-21 09:47:46.000,MO2606-P-8200,1610.4,1609.0,1619.6
2025-08-21,2025-08-21 09:47:48.500,MO2606-P-8200,1610.4,1606.4,1619.6
2025-08-21,2025-08-21 09:47:49.000,MO2606-P-8200,1610.4,1606.4,1619.6
2025-08-21,2025-08-21 09:47:49.500,MO2606-P-8200,1610.4,1606.4,1619.6
2025-08-21,2025-08-21 09:47:56.000,MO2606-P-8200,1610.4,1606.4,1619.4
2025-08-21,2025-08-21 09:47:59.000,MO2606-P-8200,1610.4,1608.8,1619.4
2025-08-21,2025-08-21 09:48:04.500,MO2606-P-8200,1610.4,1608.8,1619.4
2025-08-21,2025-08-21 09:48:06.000,MO2606-P-8200,1610.4,1608.8,1619.2
2025-08-21,2025-08-21 09:48:16.000,MO2606-P-8200,1610.4,1608.8,1619.0
2025-08-21,2025-08-21 09:48:16.500,MO2606-P-8200,1610.4,1605.8,1619.0
2025-08-21,2025-08-21 09:48:17.000,MO2606-P-8200,1610.4,1605.8,1619.0
2025-08-21,2025-08-21 09:48:17.500,MO2606-P-8200,1610.4,1605.8,1619.0
2025-08-21,2025-08-21 09:48:18.000,MO2606-P-8200,1610.4,1605.8,1619.0
2025-08-21,2025-08-21 09:48:18.500,MO2606-P-8200,1610.4,1605.2,1619.0
2025-08-21,2025-08-21 09:48:19.000,MO2606-P-8200,1610.4,1605.2,1619.0
2025-08-21,2025-08-21 09:48:25.000,MO2606-P-8200,1610.4,1604.2,1619.0
2025-08-21,2025-08-21 09:48:25.500,MO2606-P-8200,1610.4,1604.2,1619.0
2025-08-21,2025-08-21 09:48:26.000,MO2606-P-8200,1610.4,1604.2,1618.8
2025-08-21,2025-08-21 09:48:26.500,MO2606-P-8200,1610.4,1604.2,1618.8
2025-08-21,2025-08-21 09:48:27.000,MO2606-P-8200,1610.4,1604.0,1618.8
2025-08-21,2025-08-21 09:48:27.500,MO2606-P-8200,1610.4,1604.0,1618.8
2025-08-21,2025-08-21 09:48:28.000,MO2606-P-8200,1610.4,1604.0,1618.8
2025-08-21,2025-08-21 09:48:28.500,MO2606-P-8200,1610.4,1604.0,1618.8
2025-08-21,2025-08-21 09:48:29.000,MO2606-P-8200,1610.4,1604.0,1618.8
2025-08-21,2025-08-21 09:48:36.000,MO2606-P-8200,1610.4,1604.0,1618.6
2025-08-21,2025-08-21 09:48:36.500,MO2606-P-8200,1610.4,1604.0,1618.6
2025-08-21,2025-08-21 09:48:46.500,MO2606-P-8200,1610.4,1604.0,1618.4
2025-08-21,2025-08-21 09:48:53.500,MO2606-P-8200,1610.4,1603.8,1618.4
2025-08-21,2025-08-21 09:48:54.000,MO2606-P-8200,1610.4,1603.8,1618.4
2025-08-21,2025-08-21 09:48:56.500,MO2606-P-8200,1610.4,1603.8,1618.2
2025-08-21,2025-08-21 09:49:06.500,MO2606-P-8200,1610.4,1603.8,1618.0
2025-08-21,2025-08-21 09:49:07.500,MO2606-P-8200,1610.4,1603.8,1618.0
2025-08-21,2025-08-21 09:49:08.000,MO2606-P-8200,1610.4,1603.8,1622.0
2025-08-21,2025-08-21 09:49:08.500,MO2606-P-8200,1610.4,1603.8,1622.0
2025-08-21,2025-08-21 09:49:09.000,MO2606-P-8200,1610.4,1611.6,1622.0
2025-08-21,2025-08-21 09:49:09.500,MO2606-P-8200,1610.4,1611.6,1622.0
2025-08-21,2025-08-21 09:49:10.000,MO2606-P-8200,1610.4,1611.6,1622.0
2025-08-21,2025-08-21 09:49:10.500,MO2606-P-8200,1610.4,1611.6,1622.0
2025-08-21,2025-08-21 09:49:11.000,MO2606-P-8200,1610.4,1611.6,1622.0
2025-08-21,2025-08-21 09:49:11.500,MO2606-P-8200,1610.4,1611.6,1624.0
2025-08-21,2025-08-21 09:49:12.000,MO2606-P-8200,1610.4,1611.6,1624.0
2025-08-21,2025-08-21 09:49:12.500,MO2606-P-8200,1610.4,1611.6,1624.0
2025-08-21,2025-08-21 09:49:13.000,MO2606-P-8200,1610.4,1613.8,1624.0
2025-08-21,2025-08-21 09:49:13.500,MO2606-P-8200,1610.4,1613.8,1624.0
2025-08-21,2025-08-21 09:49:14.000,MO2606-P-8200,1610.4,1613.8,1624.0
2025-08-21,2025-08-21 09:49:14.500,MO2606-P-8200,1610.4,1613.8,1624.0
2025-08-21,2025-08-21 09:49:15.000,MO2606-P-8200,1610.4,1613.8,1624.0
2025-08-21,2025-08-21 09:49:15.500,MO2606-P-8200,1610.4,1613.8,1624.0
2025-08-21,2025-08-21 09:49:16.000,MO2606-P-8200,1610.4,1613.8,1624.0
2025-08-21,2025-08-21 09:49:16.500,MO2606-P-8200,1610.4,1613.8,1624.0
2025-08-21,2025-08-21 09:49:17.000,MO2606-P-8200,1610.4,1613.8,1624.0
2025-08-21,2025-08-21 09:49:17.500,MO2606-P-8200,1610.4,1613.8,1624.0
2025-08-21,2025-08-21 09:49:18.000,MO2606-P-8200,1610.4,1613.8,1624.0
2025-08-21,2025-08-21 09:49:19.000,MO2606-P-8200,1610.4,1613.8,1624.0
2025-08-21,2025-08-21 09:49:20.500,MO2606-P-8200,1610.4,1613.8,1624.0
2025-08-21,2025-08-21 09:49:21.500,MO2606-P-8200,1610.4,1613.8,1624.0
2025-08-21,2025-08-21 09:49:22.000,MO2606-P-8200,1610.4,1613.8,1623.8
2025-08-21,2025-08-21 09:49:22.500,MO2606-P-8200,1610.4,1613.8,1623.8
2025-08-21,2025-08-21 09:49:23.000,MO2606-P-8200,1610.4,1613.8,1623.8
2025-08-21,2025-08-21 09:49:23.500,MO2606-P-8200,1610.4,1613.8,1623.8
2025-08-21,2025-08-21 09:49:24.000,MO2606-P-8200,1610.4,1613.8,1623.8
2025-08-21,2025-08-21 09:49:34.000,MO2606-P-8200,1610.4,1613.8,1624.4
2025-08-21,2025-08-21 09:49:34.500,MO2606-P-8200,1610.4,1613.8,1624.4
2025-08-21,2025-08-21 09:49:35.000,MO2606-P-8200,1610.4,1613.8,1624.4
2025-08-21,2025-08-21 09:49:35.500,MO2606-P-8200,1610.4,1613.8,1624.4
2025-08-21,2025-08-21 09:49:36.000,MO2606-P-8200,1610.4,1613.8,1624.4
2025-08-21,2025-08-21 09:49:36.500,MO2606-P-8200,1610.4,1613.8,1624.4
2025-08-21,2025-08-21 09:49:37.000,MO2606-P-8200,1610.4,1613.8,1624.4
2025-08-21,2025-08-21 09:49:37.500,MO2606-P-8200,1610.4,1613.8,1624.4
2025-08-21,2025-08-21 09:49:38.000,MO2606-P-8200,1610.4,1613.8,1624.4
2025-08-21,2025-08-21 09:49:38.500,MO2606-P-8200,1610.4,1613.8,1624.4
2025-08-21,2025-08-21 09:49:43.500,MO2606-P-8200,1610.4,1613.8,1624.6
2025-08-21,2025-08-21 09:49:44.000,MO2606-P-8200,1610.4,1613.8,1625.8
2025-08-21,2025-08-21 09:49:44.500,MO2606-P-8200,1610.4,1613.8,1625.8
2025-08-21,2025-08-21 09:49:45.000,MO2606-P-8200,1610.4,1613.8,1625.8
2025-08-21,2025-08-21 09:49:48.500,MO2606-P-8200,1610.4,1613.8,1625.8
2025-08-21,2025-08-21 09:49:49.500,MO2606-P-8200,1610.4,1613.8,1625.8
2025-08-21,2025-08-21 09:49:54.500,MO2606-P-8200,1610.4,1613.8,1625.6
2025-08-21,2025-08-21 09:50:04.500,MO2606-P-8200,1610.4,1613.8,1625.4
2025-08-21,2025-08-21 09:50:09.000,MO2606-P-8200,1610.4,1613.6,1625.4
2025-08-21,2025-08-21 09:50:14.500,MO2606-P-8200,1610.4,1613.6,1625.2
2025-08-21,2025-08-21 09:50:24.500,MO2606-P-8200,1610.4,1613.6,1625.0
2025-08-21,2025-08-21 09:50:29.000,MO2606-P-8200,1610.4,1615.6,1625.0
2025-08-21,2025-08-21 09:50:29.500,MO2606-P-8200,1610.4,1615.6,1625.0
2025-08-21,2025-08-21 09:50:30.000,MO2606-P-8200,1610.4,1615.6,1625.0
2025-08-21,2025-08-21 09:50:30.500,MO2606-P-8200,1610.4,1615.6,1625.0
2025-08-21,2025-08-21 09:50:31.500,MO2606-P-8200,1610.4,1615.6,1625.0
2025-08-21,2025-08-21 09:50:33.000,MO2606-P-8200,1610.4,1615.6,1625.0
2025-08-21,2025-08-21 09:50:34.500,MO2606-P-8200,1610.4,1615.6,1624.8
2025-08-21,2025-08-21 09:50:44.500,MO2606-P-8200,1610.4,1615.6,1624.6
2025-08-21,2025-08-21 09:50:50.000,MO2606-P-8200,1610.4,1615.6,1626.2
2025-08-21,2025-08-21 09:50:50.500,MO2606-P-8200,1610.4,1615.6,1626.2
2025-08-21,2025-08-21 09:50:51.000,MO2606-P-8200,1610.4,1615.6,1626.2
2025-08-21,2025-08-21 09:50:51.500,MO2606-P-8200,1610.4,1615.6,1626.2
2025-08-21,2025-08-21 09:50:52.000,MO2606-P-8200,1610.4,1615.6,1626.8
2025-08-21,2025-08-21 09:50:52.500,MO2606-P-8200,1610.4,1615.6,1626.8
2025-08-21,2025-08-21 09:50:53.000,MO2606-P-8200,1610.4,1615.6,1626.8
2025-08-21,2025-08-21 09:50:55.000,MO2606-P-8200,1610.4,1619.4,1626.8
2025-08-21,2025-08-21 09:50:59.500,MO2606-P-8200,1610.4,1619.4,1626.8
2025-08-21,2025-08-21 09:51:02.000,MO2606-P-8200,1610.4,1619.4,1626.8
2025-08-21,2025-08-21 09:51:02.500,MO2606-P-8200,1610.4,1617.4,1626.6
2025-08-21,2025-08-21 09:51:12.500,MO2606-P-8200,1610.4,1617.4,1626.4
2025-08-21,2025-08-21 09:51:14.000,MO2606-P-8200,1610.4,1617.4,1626.4
2025-08-21,2025-08-21 09:51:15.000,MO2606-P-8200,1610.4,1617.4,1626.4
2025-08-21,2025-08-21 09:51:22.500,MO2606-P-8200,1610.4,1617.4,1626.2
2025-08-21,2025-08-21 09:51:32.500,MO2606-P-8200,1610.4,1617.4,1626.0
2025-08-21,2025-08-21 09:51:37.000,MO2606-P-8200,1610.4,1617.4,1626.0
2025-08-21,2025-08-21 09:51:37.500,MO2606-P-8200,1610.4,1617.4,1626.0
2025-08-21,2025-08-21 09:51:38.000,MO2606-P-8200,1610.4,1617.4,1626.0
2025-08-21,2025-08-21 09:51:39.000,MO2606-P-8200,1610.4,1617.6,1626.0
2025-08-21,2025-08-21 09:51:41.000,MO2606-P-8200,1610.4,1617.6,1626.0
2025-08-21,2025-08-21 09:51:41.500,MO2606-P-8200,1610.4,1617.6,1627.6
2025-08-21,2025-08-21 09:51:42.000,MO2606-P-8200,1610.4,1617.6,1627.6
2025-08-21,2025-08-21 09:51:42.500,MO2606-P-8200,1610.4,1617.6,1627.6
2025-08-21,2025-08-21 09:51:43.000,MO2606-P-8200,1610.4,1617.6,1627.6
2025-08-21,2025-08-21 09:51:43.500,MO2606-P-8200,1610.4,1617.6,1627.6
2025-08-21,2025-08-21 09:51:44.500,MO2606-P-8200,1610.4,1617.6,1628.2
2025-08-21,2025-08-21 09:51:45.000,MO2606-P-8200,1610.4,1617.6,1628.2
2025-08-21,2025-08-21 09:51:45.500,MO2606-P-8200,1610.4,1617.6,1628.2
2025-08-21,2025-08-21 09:51:46.000,MO2606-P-8200,1610.4,1617.6,1628.2
2025-08-21,2025-08-21 09:51:46.500,MO2606-P-8200,1610.4,1617.6,1628.2
2025-08-21,2025-08-21 09:51:47.000,MO2606-P-8200,1610.4,1617.6,1628.2
2025-08-21,2025-08-21 09:51:47.500,MO2606-P-8200,1610.4,1617.6,1628.2
2025-08-21,2025-08-21 09:51:48.000,MO2606-P-8200,1610.4,1617.6,1628.2
2025-08-21,2025-08-21 09:51:48.500,MO2606-P-8200,1610.4,1617.6,1628.2
2025-08-21,2025-08-21 09:51:49.000,MO2606-P-8200,1610.4,1617.6,1628.2
2025-08-21,2025-08-21 09:51:51.000,MO2606-P-8200,1610.4,1617.6,1628.2
2025-08-21,2025-08-21 09:51:52.500,MO2606-P-8200,1610.4,1620.2,1628.2
2025-08-21,2025-08-21 09:51:53.000,MO2606-P-8200,1610.4,1620.2,1628.2
2025-08-21,2025-08-21 09:51:53.500,MO2606-P-8200,1610.4,1620.2,1628.2
2025-08-21,2025-08-21 09:51:56.500,MO2606-P-8200,1610.4,1620.2,1628.2
2025-08-21,2025-08-21 09:51:57.000,MO2606-P-8200,1610.4,1620.2,1628.2
2025-08-21,2025-08-21 09:51:57.500,MO2606-P-8200,1610.4,1620.2,1628.2
2025-08-21,2025-08-21 09:52:00.500,MO2606-P-8200,1610.4,1620.4,1628.2
2025-08-21,2025-08-21 09:52:01.500,MO2606-P-8200,1610.4,1620.4,1628.0
2025-08-21,2025-08-21 09:52:02.000,MO2606-P-8200,1610.4,1620.4,1628.0
2025-08-21,2025-08-21 09:52:02.500,MO2606-P-8200,1610.4,1620.4,1628.0
2025-08-21,2025-08-21 09:52:03.000,MO2606-P-8200,1610.4,1620.4,1628.0
2025-08-21,2025-08-21 09:52:04.000,MO2606-P-8200,1610.4,1620.4,1628.0
2025-08-21,2025-08-21 09:52:04.500,MO2606-P-8200,1610.4,1620.4,1628.0
2025-08-21,2025-08-21 09:52:06.500,MO2606-P-8200,1610.4,1620.4,1628.0
2025-08-21,2025-08-21 09:52:09.500,MO2606-P-8200,1610.4,1620.4,1628.0
2025-08-21,2025-08-21 09:52:10.500,MO2606-P-8200,1610.4,1620.4,1628.0
2025-08-21,2025-08-21 09:52:11.500,MO2606-P-8200,1610.4,1620.4,1627.8
2025-08-21,2025-08-21 09:52:13.500,MO2606-P-8200,1610.4,1620.4,1627.8
2025-08-21,2025-08-21 09:52:14.000,MO2606-P-8200,1610.4,1620.4,1627.8
2025-08-21,2025-08-21 09:52:14.500,MO2606-P-8200,1610.4,1620.4,1627.8
2025-08-21,2025-08-21 09:52:21.500,MO2606-P-8200,1610.4,1620.4,1627.6
2025-08-21,2025-08-21 09:52:31.500,MO2606-P-8200,1610.4,1620.4,1627.4
2025-08-21,2025-08-21 09:52:32.000,MO2606-P-8200,1610.4,1620.4,1627.4
2025-08-21,2025-08-21 09:52:36.500,MO2606-P-8200,1610.4,1620.4,1627.4
2025-08-21,2025-08-21 09:52:41.500,MO2606-P-8200,1610.4,1620.4,1627.2
2025-08-21,2025-08-21 09:52:46.500,MO2606-P-8200,1610.4,1620.4,1627.2
2025-08-21,2025-08-21 09:52:50.000,MO2606-P-8200,1610.4,1620.4,1627.2
2025-08-21,2025-08-21 09:52:50.500,MO2606-P-8200,1610.4,1620.4,1627.2
2025-08-21,2025-08-21 09:52:51.000,MO2606-P-8200,1610.4,1620.4,1627.2
2025-08-21,2025-08-21 09:52:51.500,MO2606-P-8200,1610.4,1620.4,1627.0
2025-08-21,2025-08-21 09:52:52.000,MO2606-P-8200,1610.4,1620.4,1627.0
2025-08-21,2025-08-21 09:52:58.500,MO2606-P-8200,1610.4,1620.4,1627.0
2025-08-21,2025-08-21 09:53:01.500,MO2606-P-8200,1610.4,1620.4,1626.8
2025-08-21,2025-08-21 09:53:02.500,MO2606-P-8200,1610.4,1620.4,1626.8
2025-08-21,2025-08-21 09:53:03.000,MO2606-P-8200,1610.4,1620.4,1626.8
2025-08-21,2025-08-21 09:53:03.500,MO2606-P-8200,1610.4,1620.4,1626.8
2025-08-21,2025-08-21 09:53:04.000,MO2606-P-8200,1610.4,1620.4,1626.8
2025-08-21,2025-08-21 09:53:04.500,MO2606-P-8200,1610.4,1620.4,1626.8
2025-08-21,2025-08-21 09:53:05.000,MO2606-P-8200,1610.4,1620.4,1626.8
2025-08-21,2025-08-21 09:53:06.500,MO2606-P-8200,1610.4,1620.4,1626.8
2025-08-21,2025-08-21 09:53:07.000,MO2606-P-8200,1610.4,1620.4,1626.8
2025-08-21,2025-08-21 09:53:07.500,MO2606-P-8200,1610.4,1620.4,1626.8
2025-08-21,2025-08-21 09:53:08.000,MO2606-P-8200,1610.4,1620.4,1626.8
2025-08-21,2025-08-21 09:53:08.500,MO2606-P-8200,1610.4,1620.4,1626.8
2025-08-21,2025-08-21 09:53:09.000,MO2606-P-8200,1610.4,1620.4,1626.8
2025-08-21,2025-08-21 09:53:10.000,MO2606-P-8200,1610.4,1620.4,1626.8
2025-08-21,2025-08-21 09:53:10.500,MO2606-P-8200,1610.4,1620.4,1626.8
2025-08-21,2025-08-21 09:53:11.500,MO2606-P-8200,1610.4,1620.4,1626.6
2025-08-21,2025-08-21 09:53:13.500,MO2606-P-8200,1610.4,1620.4,1626.6
2025-08-21,2025-08-21 09:53:16.500,MO2606-P-8200,1610.4,1620.4,1626.6
2025-08-21,2025-08-21 09:53:21.500,MO2606-P-8200,1610.4,1620.4,1626.4
2025-08-21,2025-08-21 09:53:31.000,MO2606-P-8200,1610.4,1620.4,1628.6
2025-08-21,2025-08-21 09:53:31.500,MO2606-P-8200,1610.4,1620.4,1628.6
2025-08-21,2025-08-21 09:53:32.000,MO2606-P-8200,1610.4,1620.4,1628.6
2025-08-21,2025-08-21 09:53:33.000,MO2606-P-8200,1610.4,1620.4,1628.6
2025-08-21,2025-08-21 09:53:33.500,MO2606-P-8200,1610.4,1620.4,1628.6
2025-08-21,2025-08-21 09:53:41.500,MO2606-P-8200,1610.4,1620.4,1628.4
2025-08-21,2025-08-21 09:53:45.000,MO2606-P-8200,1610.4,1620.4,1628.4
2025-08-21,2025-08-21 09:53:45.500,MO2606-P-8200,1610.4,1620.4,1628.4
2025-08-21,2025-08-21 09:53:46.000,MO2606-P-8200,1610.4,1620.4,1629.0
2025-08-21,2025-08-21 09:53:46.500,MO2606-P-8200,1610.4,1620.4,1629.6
2025-08-21,2025-08-21 09:53:47.000,MO2606-P-8200,1610.4,1620.4,1629.0
2025-08-21,2025-08-21 09:53:47.500,MO2606-P-8200,1610.4,1620.4,1629.0
2025-08-21,2025-08-21 09:53:48.000,MO2606-P-8200,1610.4,1620.4,1630.2
2025-08-21,2025-08-21 09:53:48.500,MO2606-P-8200,1610.4,1620.4,1630.2
2025-08-21,2025-08-21 09:53:49.000,MO2606-P-8200,1610.4,1620.4,1630.2
2025-08-21,2025-08-21 09:53:50.000,MO2606-P-8200,1610.4,1620.4,1630.2
2025-08-21,2025-08-21 09:53:50.500,MO2606-P-8200,1610.4,1620.4,1630.2
2025-08-21,2025-08-21 09:53:51.000,MO2606-P-8200,1610.4,1620.4,1630.2
2025-08-21,2025-08-21 09:53:59.000,MO2606-P-8200,1610.4,1620.4,1630.0
2025-08-21,2025-08-21 09:54:01.500,MO2606-P-8200,1610.4,1620.4,1630.0
2025-08-21,2025-08-21 09:54:02.000,MO2606-P-8200,1610.4,1622.0,1632.4
2025-08-21,2025-08-21 09:54:02.500,MO2606-P-8200,1610.4,1622.0,1632.4
2025-08-21,2025-08-21 09:54:03.000,MO2606-P-8200,1610.4,1622.0,1632.4
2025-08-21,2025-08-21 09:54:03.500,MO2606-P-8200,1610.4,1622.0,1632.4
2025-08-21,2025-08-21 09:54:04.000,MO2606-P-8200,1610.4,1622.0,1632.4
2025-08-21,2025-08-21 09:54:04.500,MO2606-P-8200,1610.4,1622.0,1632.4
2025-08-21,2025-08-21 09:54:05.000,MO2606-P-8200,1610.4,1622.0,1632.4
2025-08-21,2025-08-21 09:54:05.500,MO2606-P-8200,1610.4,1622.0,1632.4
2025-08-21,2025-08-21 09:54:06.500,MO2606-P-8200,1610.4,1622.0,1633.6
2025-08-21,2025-08-21 09:54:07.000,MO2606-P-8200,1610.4,1622.0,1633.6
2025-08-21,2025-08-21 09:54:07.500,MO2606-P-8200,1610.4,1622.0,1633.6
2025-08-21,2025-08-21 09:54:08.500,MO2606-P-8200,1610.4,1622.0,1633.6
2025-08-21,2025-08-21 09:54:09.000,MO2606-P-8200,1610.4,1622.0,1633.6
2025-08-21,2025-08-21 09:54:14.000,MO2606-P-8200,1610.4,1622.0,1633.6
2025-08-21,2025-08-21 09:54:17.000,MO2606-P-8200,1610.4,1622.0,1633.4
2025-08-21,2025-08-21 09:54:17.500,MO2606-P-8200,1610.4,1622.0,1633.4
2025-08-21,2025-08-21 09:54:19.000,MO2606-P-8200,1610.4,1624.6,1633.4
2025-08-21,2025-08-21 09:54:20.500,MO2606-P-8200,1610.4,1624.6,1633.4
2025-08-21,2025-08-21 09:54:27.000,MO2606-P-8200,1610.4,1624.6,1633.4
2025-08-21,2025-08-21 09:54:27.500,MO2606-P-8200,1610.4,1624.6,1633.4
2025-08-21,2025-08-21 09:54:29.000,MO2606-P-8200,1610.4,1624.6,1633.4
2025-08-21,2025-08-21 09:54:30.500,MO2606-P-8200,1610.4,1624.6,1633.4
2025-08-21,2025-08-21 09:54:31.000,MO2606-P-8200,1610.4,1624.6,1633.6
2025-08-21,2025-08-21 09:54:31.500,MO2606-P-8200,1610.4,1624.6,1633.8
2025-08-21,2025-08-21 09:54:32.000,MO2606-P-8200,1610.4,1624.6,1634.0
2025-08-21,2025-08-21 09:54:32.500,MO2606-P-8200,1610.4,1624.6,1634.0
2025-08-21,2025-08-21 09:54:34.000,MO2606-P-8200,1610.4,1627.2,1634.0
2025-08-21,2025-08-21 09:54:34.500,MO2606-P-8200,1610.4,1627.2,1634.0
2025-08-21,2025-08-21 09:54:35.000,MO2606-P-8200,1610.4,1627.2,1634.0
2025-08-21,2025-08-21 09:54:35.500,MO2606-P-8200,1610.4,1627.2,1634.0
2025-08-21,2025-08-21 09:54:36.000,MO2606-P-8200,1610.4,1627.2,1634.0
2025-08-21,2025-08-21 09:54:36.500,MO2606-P-8200,1610.4,1627.2,1634.0
2025-08-21,2025-08-21 09:54:49.500,MO2606-P-8200,1610.4,1627.4,1634.0
2025-08-21,2025-08-21 09:54:50.000,MO2606-P-8200,1610.4,1627.4,1634.0
2025-08-21,2025-08-21 09:54:50.500,MO2606-P-8200,1610.4,1627.4,1634.0
2025-08-21,2025-08-21 09:54:51.000,MO2606-P-8200,1610.4,1627.4,1634.0
2025-08-21,2025-08-21 09:54:51.500,MO2606-P-8200,1610.4,1627.4,1634.0
2025-08-21,2025-08-21 09:54:52.000,MO2606-P-8200,1610.4,1630.0,1634.0
2025-08-21,2025-08-21 09:54:52.500,MO2606-P-8200,1610.4,1627.4,1636.6
2025-08-21,2025-08-21 09:54:53.000,MO2606-P-8200,1610.4,1627.4,1636.6
2025-08-21,2025-08-21 09:54:53.500,MO2606-P-8200,1610.4,1627.4,1636.6
2025-08-21,2025-08-21 09:54:54.500,MO2606-P-8200,1610.4,1627.4,1636.6
2025-08-21,2025-08-21 09:55:00.000,MO2606-P-8200,1610.4,1627.4,1636.6
2025-08-21,2025-08-21 09:55:02.000,MO2606-P-8200,1610.4,1627.4,1636.6
2025-08-21,2025-08-21 09:55:02.500,MO2606-P-8200,1610.4,1627.4,1636.6
2025-08-21,2025-08-21 09:55:03.000,MO2606-P-8200,1610.4,1627.4,1636.6
2025-08-21,2025-08-21 09:55:03.500,MO2606-P-8200,1610.4,1627.4,1636.4
2025-08-21,2025-08-21 09:55:12.500,MO2606-P-8200,1610.4,1627.4,1637.2
2025-08-21,2025-08-21 09:55:13.000,MO2606-P-8200,1610.4,1627.4,1637.2
2025-08-21,2025-08-21 09:55:14.000,MO2606-P-8200,1610.4,1627.4,1637.2
2025-08-21,2025-08-21 09:55:17.000,MO2606-P-8200,1610.4,1627.4,1637.4
2025-08-21,2025-08-21 09:55:17.500,MO2606-P-8200,1610.4,1627.4,1637.4
2025-08-21,2025-08-21 09:55:18.000,MO2606-P-8200,1610.4,1627.4,1637.4
2025-08-21,2025-08-21 09:55:18.500,MO2606-P-8200,1610.4,1627.4,1637.4
2025-08-21,2025-08-21 09:55:19.000,MO2606-P-8200,1610.4,1627.4,1638.4
2025-08-21,2025-08-21 09:55:19.500,MO2606-P-8200,1610.4,1627.4,1638.4
2025-08-21,2025-08-21 09:55:20.000,MO2606-P-8200,1610.4,1627.4,1639.6
2025-08-21,2025-08-21 09:55:20.500,MO2606-P-8200,1610.4,1627.4,1639.6
2025-08-21,2025-08-21 09:55:22.000,MO2606-P-8200,1610.4,1627.4,1639.6
2025-08-21,2025-08-21 09:55:22.500,MO2606-P-8200,1610.4,1627.4,1639.6
2025-08-21,2025-08-21 09:55:23.000,MO2606-P-8200,1610.4,1627.4,1639.6
2025-08-21,2025-08-21 09:55:23.500,MO2606-P-8200,1610.4,1627.4,1639.6
2025-08-21,2025-08-21 09:55:30.500,MO2606-P-8200,1610.4,1627.4,1639.4
2025-08-21,2025-08-21 09:55:40.500,MO2606-P-8200,1610.4,1627.4,1639.2
2025-08-21,2025-08-21 09:55:50.500,MO2606-P-8200,1610.4,1627.4,1639.0
2025-08-21,2025-08-21 09:56:00.500,MO2606-P-8200,1610.4,1627.4,1638.8
2025-08-21,2025-08-21 09:56:04.000,MO2606-P-8200,1610.4,1627.4,1638.8
2025-08-21,2025-08-21 09:56:04.500,MO2606-P-8200,1610.4,1627.4,1638.8
2025-08-21,2025-08-21 09:56:10.500,MO2606-P-8200,1610.4,1627.4,1638.6
2025-08-21,2025-08-21 09:56:16.000,MO2606-P-8200,1610.4,1629.6,1638.6
2025-08-21,2025-08-21 09:56:16.500,MO2606-P-8200,1610.4,1629.6,1638.6
2025-08-21,2025-08-21 09:56:17.000,MO2606-P-8200,1610.4,1629.6,1638.6
2025-08-21,2025-08-21 09:56:18.500,MO2606-P-8200,1610.4,1629.6,1641.2
2025-08-21,2025-08-21 09:56:19.000,MO2606-P-8200,1610.4,1629.6,1641.2
2025-08-21,2025-08-21 09:56:19.500,MO2606-P-8200,1610.4,1629.6,1641.2
2025-08-21,2025-08-21 09:56:20.000,MO2606-P-8200,1610.4,1629.6,1641.2
2025-08-21,2025-08-21 09:56:20.500,MO2606-P-8200,1610.4,1629.6,1641.2
2025-08-21,2025-08-21 09:56:29.000,MO2606-P-8200,1610.4,1629.6,1641.0
2025-08-21,2025-08-21 09:56:33.000,MO2606-P-8200,1610.4,1629.6,1641.0
2025-08-21,2025-08-21 09:56:33.500,MO2606-P-8200,1610.4,1629.6,1641.0
2025-08-21,2025-08-21 09:56:34.000,MO2606-P-8200,1610.4,1629.6,1641.0
2025-08-21,2025-08-21 09:56:35.500,MO2606-P-8200,1610.4,1629.8,1641.0
2025-08-21,2025-08-21 09:56:36.500,MO2606-P-8200,1610.4,1629.8,1641.0
2025-08-21,2025-08-21 09:56:39.000,MO2606-P-8200,1610.4,1629.8,1640.8
2025-08-21,2025-08-21 09:56:45.500,MO2606-P-8200,1610.4,1629.8,1640.2
2025-08-21,2025-08-21 09:56:46.000,MO2606-P-8200,1610.4,1629.8,1640.2
2025-08-21,2025-08-21 09:56:46.500,MO2606-P-8200,1610.4,1629.8,1640.2
2025-08-21,2025-08-21 09:56:47.000,MO2606-P-8200,1610.4,1629.8,1640.2
2025-08-21,2025-08-21 09:56:56.000,MO2606-P-8200,1610.4,1629.8,1640.0
2025-08-21,2025-08-21 09:56:56.500,MO2606-P-8200,1610.4,1629.8,1640.0
2025-08-21,2025-08-21 09:56:57.000,MO2606-P-8200,1610.4,1629.8,1640.0
2025-08-21,2025-08-21 09:56:58.000,MO2606-P-8200,1610.4,1629.8,1640.0
2025-08-21,2025-08-21 09:57:01.500,MO2606-P-8200,1610.4,1629.8,1640.0
2025-08-21,2025-08-21 09:57:02.500,MO2606-P-8200,1610.4,1629.8,1640.0
2025-08-21,2025-08-21 09:57:03.000,MO2606-P-8200,1610.4,1629.8,1640.0
2025-08-21,2025-08-21 09:57:03.500,MO2606-P-8200,1610.4,1629.8,1640.0
2025-08-21,2025-08-21 09:57:04.000,MO2606-P-8200,1610.4,1629.8,1640.0
2025-08-21,2025-08-21 09:57:06.000,MO2606-P-8200,1610.4,1629.8,1639.8
2025-08-21,2025-08-21 09:57:07.000,MO2606-P-8200,1610.4,1629.8,1639.8
2025-08-21,2025-08-21 09:57:08.000,MO2606-P-8200,1610.4,1629.8,1639.8
2025-08-21,2025-08-21 09:57:10.500,MO2606-P-8200,1610.4,1629.8,1639.8
2025-08-21,2025-08-21 09:57:11.500,MO2606-P-8200,1610.4,1629.8,1639.8
2025-08-21,2025-08-21 09:57:16.000,MO2606-P-8200,1610.4,1629.8,1639.6
2025-08-21,2025-08-21 09:57:17.500,MO2606-P-8200,1610.4,1629.8,1639.6
2025-08-21,2025-08-21 09:57:18.000,MO2606-P-8200,1610.4,1629.8,1639.6
2025-08-21,2025-08-21 09:57:21.500,MO2606-P-8200,1610.4,1629.8,1639.6
2025-08-21,2025-08-21 09:57:22.500,MO2606-P-8200,1610.4,1629.8,1639.6
2025-08-21,2025-08-21 09:57:23.000,MO2606-P-8200,1610.4,1627.2,1639.6
2025-08-21,2025-08-21 09:57:23.500,MO2606-P-8200,1610.4,1627.2,1639.6
2025-08-21,2025-08-21 09:57:25.000,MO2606-P-8200,1610.4,1626.0,1639.6
2025-08-21,2025-08-21 09:57:25.500,MO2606-P-8200,1610.4,1628.4,1639.6
2025-08-21,2025-08-21 09:57:26.000,MO2606-P-8200,1610.4,1628.4,1639.4
2025-08-21,2025-08-21 09:57:27.000,MO2606-P-8200,1610.4,1628.4,1639.4
2025-08-21,2025-08-21 09:57:36.000,MO2606-P-8200,1610.4,1628.4,1639.2
2025-08-21,2025-08-21 09:57:44.000,MO2606-P-8200,1610.4,1628.6,1639.2
2025-08-21,2025-08-21 09:57:44.500,MO2606-P-8200,1610.4,1628.6,1639.2
2025-08-21,2025-08-21 09:57:45.500,MO2606-P-8200,1610.4,1628.6,1639.2
2025-08-21,2025-08-21 09:57:46.000,MO2606-P-8200,1610.4,1628.6,1639.0
2025-08-21,2025-08-21 09:57:52.000,MO2606-P-8200,1610.4,1628.6,1639.0
2025-08-21,2025-08-21 09:57:52.500,MO2606-P-8200,1610.4,1628.6,1639.0
2025-08-21,2025-08-21 09:57:53.000,MO2606-P-8200,1610.4,1628.6,1639.0
2025-08-21,2025-08-21 09:57:56.500,MO2606-P-8200,1610.4,1628.6,1640.6
2025-08-21,2025-08-21 09:57:57.000,MO2606-P-8200,1610.4,1628.6,1640.6
2025-08-21,2025-08-21 09:57:57.500,MO2606-P-8200,1610.4,1628.6,1640.6
2025-08-21,2025-08-21 09:57:58.000,MO2606-P-8200,1610.4,1628.6,1640.6
2025-08-21,2025-08-21 09:57:58.500,MO2606-P-8200,1610.4,1628.6,1640.6
2025-08-21,2025-08-21 09:57:59.000,MO2606-P-8200,1610.4,1628.6,1640.6
2025-08-21,2025-08-21 09:58:07.000,MO2606-P-8200,1610.4,1628.6,1640.4
2025-08-21,2025-08-21 09:58:17.000,MO2606-P-8200,1610.4,1628.6,1640.2
2025-08-21,2025-08-21 09:58:19.000,MO2606-P-8200,1610.4,1628.6,1640.8
2025-08-21,2025-08-21 09:58:20.500,MO2606-P-8200,1610.4,1628.6,1640.8
2025-08-21,2025-08-21 09:58:21.000,MO2606-P-8200,1610.4,1628.6,1640.8
2025-08-21,2025-08-21 09:58:21.500,MO2606-P-8200,1610.4,1628.6,1640.8
2025-08-21,2025-08-21 09:58:22.000,MO2606-P-8200,1610.4,1628.6,1640.8
2025-08-21,2025-08-21 09:58:22.500,MO2606-P-8200,1610.4,1628.6,1640.8
2025-08-21,2025-08-21 09:58:23.000,MO2606-P-8200,1610.4,1628.6,1640.8
2025-08-21,2025-08-21 09:58:30.000,MO2606-P-8200,1610.4,1628.6,1640.8
2025-08-21,2025-08-21 09:58:30.500,MO2606-P-8200,1610.4,1628.6,1640.6
2025-08-21,2025-08-21 09:58:31.000,MO2606-P-8200,1610.4,1628.6,1640.6
2025-08-21,2025-08-21 09:58:40.500,MO2606-P-8200,1610.4,1628.6,1640.4
2025-08-21,2025-08-21 09:58:42.500,MO2606-P-8200,1610.4,1628.6,1640.4
2025-08-21,2025-08-21 09:58:43.500,MO2606-P-8200,1610.4,1630.8,1640.4
2025-08-21,2025-08-21 09:58:44.000,MO2606-P-8200,1610.4,1630.8,1641.4
2025-08-21,2025-08-21 09:58:44.500,MO2606-P-8200,1610.4,1630.8,1641.6
2025-08-21,2025-08-21 09:58:45.000,MO2606-P-8200,1610.4,1630.8,1641.6
2025-08-21,2025-08-21 09:58:45.500,MO2606-P-8200,1610.4,1630.8,1641.6
2025-08-21,2025-08-21 09:58:46.500,MO2606-P-8200,1610.4,1630.0,1641.6
2025-08-21,2025-08-21 09:58:49.500,MO2606-P-8200,1610.4,1630.0,1641.8
2025-08-21,2025-08-21 09:58:50.000,MO2606-P-8200,1610.4,1630.0,1642.0
2025-08-21,2025-08-21 09:58:50.500,MO2606-P-8200,1610.4,1630.0,1642.0
2025-08-21,2025-08-21 09:58:51.000,MO2606-P-8200,1610.4,1630.0,1642.0
2025-08-21,2025-08-21 09:58:52.000,MO2606-P-8200,1610.4,1630.0,1642.8
2025-08-21,2025-08-21 09:58:52.500,MO2606-P-8200,1610.4,1630.0,1642.8
2025-08-21,2025-08-21 09:58:53.500,MO2606-P-8200,1610.4,1632.6,1644.6
2025-08-21,2025-08-21 09:58:54.000,MO2606-P-8200,1610.4,1632.6,1644.6
2025-08-21,2025-08-21 09:58:54.500,MO2606-P-8200,1610.4,1632.6,1644.6
2025-08-21,2025-08-21 09:58:55.000,MO2606-P-8200,1610.4,1632.6,1644.6
2025-08-21,2025-08-21 09:58:55.500,MO2606-P-8200,1610.4,1632.6,1644.6
2025-08-21,2025-08-21 09:58:56.000,MO2606-P-8200,1610.4,1632.6,1644.6
2025-08-21,2025-08-21 09:59:02.500,MO2606-P-8200,1610.4,1632.6,1644.6
2025-08-21,2025-08-21 09:59:03.000,MO2606-P-8200,1610.4,1632.6,1644.6
2025-08-21,2025-08-21 09:59:03.500,MO2606-P-8200,1610.4,1632.6,1644.6
2025-08-21,2025-08-21 09:59:04.000,MO2606-P-8200,1610.4,1632.6,1644.4
2025-08-21,2025-08-21 09:59:04.500,MO2606-P-8200,1610.4,1630.2,1644.4
2025-08-21,2025-08-21 09:59:05.000,MO2606-P-8200,1610.4,1630.2,1644.4
2025-08-21,2025-08-21 09:59:12.000,MO2606-P-8200,1610.4,1630.2,1644.4
2025-08-21,2025-08-21 09:59:13.000,MO2606-P-8200,1610.4,1630.2,1644.4
2025-08-21,2025-08-21 09:59:13.500,MO2606-P-8200,1610.4,1630.2,1644.4
2025-08-21,2025-08-21 09:59:14.000,MO2606-P-8200,1610.4,1630.2,1644.2
2025-08-21,2025-08-21 09:59:14.500,MO2606-P-8200,1610.4,1630.2,1644.2
2025-08-21,2025-08-21 09:59:17.500,MO2606-P-8200,1610.4,1630.2,1644.2
2025-08-21,2025-08-21 09:59:18.000,MO2606-P-8200,1610.4,1630.2,1644.2
2025-08-21,2025-08-21 09:59:20.500,MO2606-P-8200,1610.4,1630.2,1644.2
2025-08-21,2025-08-21 09:59:24.000,MO2606-P-8200,1610.4,1630.2,1644.0
2025-08-21,2025-08-21 09:59:29.000,MO2606-P-8200,1610.4,1630.2,1644.0
2025-08-21,2025-08-21 09:59:29.500,MO2606-P-8200,1610.4,1630.2,1644.0
2025-08-21,2025-08-21 09:59:34.000,MO2606-P-8200,1610.4,1630.2,1643.8
2025-08-21,2025-08-21 09:59:36.000,MO2606-P-8200,1610.4,1630.2,1643.8
2025-08-21,2025-08-21 09:59:36.500,MO2606-P-8200,1610.4,1630.2,1643.8
2025-08-21,2025-08-21 09:59:40.500,MO2606-P-8200,1610.4,1633.0,1643.8
2025-08-21,2025-08-21 09:59:41.000,MO2606-P-8200,1610.4,1633.0,1643.8
2025-08-21,2025-08-21 09:59:45.500,MO2606-P-8200,1610.4,1633.0,1643.6
2025-08-21,2025-08-21 09:59:49.500,MO2606-P-8200,1610.4,1635.6,1643.6
2025-08-21,2025-08-21 09:59:50.000,MO2606-P-8200,1610.4,1635.6,1644.8
2025-08-21,2025-08-21 09:59:50.500,MO2606-P-8200,1610.4,1635.6,1644.8
2025-08-21,2025-08-21 09:59:51.000,MO2606-P-8200,1610.4,1635.6,1644.8
2025-08-21,2025-08-21 09:59:51.500,MO2606-P-8200,1610.4,1635.6,1644.8
2025-08-21,2025-08-21 09:59:52.000,MO2606-P-8200,1610.4,1635.6,1644.8
2025-08-21,2025-08-21 09:59:59.000,MO2606-P-8200,1610.4,1635.6,1644.8
2025-08-21,2025-08-21 09:59:59.500,MO2606-P-8200,1610.4,1635.6,1644.8
2025-08-21,2025-08-21 10:00:00.000,MO2606-P-8200,1610.4,1637.8,1645.6
2025-08-21,2025-08-21 10:00:00.500,MO2606-P-8200,1610.4,1637.8,1645.8
2025-08-21,2025-08-21 10:00:01.000,MO2606-P-8200,1610.4,1637.8,1646.0
2025-08-21,2025-08-21 10:00:01.500,MO2606-P-8200,1610.4,1637.8,1646.6
2025-08-21,2025-08-21 10:00:02.000,MO2606-P-8200,1610.4,1637.8,1646.6
2025-08-21,2025-08-21 10:00:02.500,MO2606-P-8200,1610.4,1637.8,1646.8
2025-08-21,2025-08-21 10:00:03.000,MO2606-P-8200,1610.4,1637.8,1646.8
2025-08-21,2025-08-21 10:00:03.500,MO2606-P-8200,1610.4,1637.8,1646.8
2025-08-21,2025-08-21 10:00:04.000,MO2606-P-8200,1610.4,1636.0,1646.8
2025-08-21,2025-08-21 10:00:04.500,MO2606-P-8200,1610.4,1636.0,1646.8
2025-08-21,2025-08-21 10:00:06.500,MO2606-P-8200,1610.4,1638.4,1646.8
2025-08-21,2025-08-21 10:00:11.000,MO2606-P-8200,1610.4,1638.4,1646.8
2025-08-21,2025-08-21 10:00:15.000,MO2606-P-8200,1610.4,1638.4,1646.6
2025-08-21,2025-08-21 10:00:16.000,MO2606-P-8200,1610.4,1638.4,1647.4
2025-08-21,2025-08-21 10:00:16.500,MO2606-P-8200,1610.4,1638.4,1647.6
2025-08-21,2025-08-21 10:00:17.000,MO2606-P-8200,1610.4,1638.4,1647.6
2025-08-21,2025-08-21 10:00:17.500,MO2606-P-8200,1610.4,1638.4,1647.6
2025-08-21,2025-08-21 10:00:18.500,MO2606-P-8200,1610.4,1638.4,1647.6
2025-08-21,2025-08-21 10:00:21.500,MO2606-P-8200,1610.4,1638.4,1647.6
2025-08-21,2025-08-21 10:00:23.000,MO2606-P-8200,1610.4,1638.4,1647.6
2025-08-21,2025-08-21 10:00:24.000,MO2606-P-8200,1610.4,1638.4,1647.6
2025-08-21,2025-08-21 10:00:25.500,MO2606-P-8200,1610.4,1638.4,1648.0
2025-08-21,2025-08-21 10:00:26.000,MO2606-P-8200,1610.4,1638.4,1649.0
2025-08-21,2025-08-21 10:00:26.500,MO2606-P-8200,1610.4,1638.4,1649.0
2025-08-21,2025-08-21 10:00:28.000,MO2606-P-8200,1610.4,1638.4,1649.0
2025-08-21,2025-08-21 10:00:36.500,MO2606-P-8200,1610.4,1638.4,1648.8
2025-08-21,2025-08-21 10:00:44.000,MO2606-P-8200,1610.4,1636.2,1648.8
2025-08-21,2025-08-21 10:00:44.500,MO2606-P-8200,1610.4,1636.2,1648.8
2025-08-21,2025-08-21 10:00:46.000,MO2606-P-8200,1610.4,1639.6,1648.8
2025-08-21,2025-08-21 10:00:46.500,MO2606-P-8200,1610.4,1639.6,1648.6
2025-08-21,2025-08-21 10:00:56.000,MO2606-P-8200,1610.4,1639.6,1648.6
2025-08-21,2025-08-21 10:00:56.500,MO2606-P-8200,1610.4,1639.6,1648.4
2025-08-21,2025-08-21 10:01:06.500,MO2606-P-8200,1610.4,1639.6,1648.2
2025-08-21,2025-08-21 10:01:09.500,MO2606-P-8200,1610.4,1639.6,1648.2
2025-08-21,2025-08-21 10:01:12.000,MO2606-P-8200,1610.4,1636.8,1648.2
2025-08-21,2025-08-21 10:01:12.500,MO2606-P-8200,1610.4,1636.8,1648.2
2025-08-21,2025-08-21 10:01:13.000,MO2606-P-8200,1610.4,1636.8,1648.2
2025-08-21,2025-08-21 10:01:16.500,MO2606-P-8200,1610.4,1636.8,1648.0
2025-08-21,2025-08-21 10:01:20.000,MO2606-P-8200,1610.4,1636.8,1648.0
2025-08-21,2025-08-21 10:01:26.500,MO2606-P-8200,1610.4,1636.8,1647.8
2025-08-21,2025-08-21 10:01:29.000,MO2606-P-8200,1610.4,1634.6,1647.8
2025-08-21,2025-08-21 10:01:29.500,MO2606-P-8200,1610.4,1634.6,1647.8
2025-08-21,2025-08-21 10:01:30.000,MO2606-P-8200,1610.4,1634.6,1647.8
2025-08-21,2025-08-21 10:01:36.500,MO2606-P-8200,1610.4,1634.6,1647.6
2025-08-21,2025-08-21 10:01:46.500,MO2606-P-8200,1610.4,1634.6,1647.4
2025-08-21,2025-08-21 10:01:56.500,MO2606-P-8200,1610.4,1634.6,1647.2
2025-08-21,2025-08-21 10:02:06.500,MO2606-P-8200,1610.4,1634.6,1647.0
2025-08-21,2025-08-21 10:02:09.500,MO2606-P-8200,1610.4,1634.6,1647.0
2025-08-21,2025-08-21 10:02:10.000,MO2606-P-8200,1610.4,1634.6,1647.0
2025-08-21,2025-08-21 10:02:16.500,MO2606-P-8200,1610.4,1633.0,1646.2
2025-08-21,2025-08-21 10:02:17.000,MO2606-P-8200,1610.4,1633.0,1646.2
2025-08-21,2025-08-21 10:02:18.000,MO2606-P-8200,1610.4,1633.0,1646.2
2025-08-21,2025-08-21 10:02:18.500,MO2606-P-8200,1610.4,1632.4,1646.2
2025-08-21,2025-08-21 10:02:19.000,MO2606-P-8200,1610.4,1632.4,1646.2
2025-08-21,2025-08-21 10:02:19.500,MO2606-P-8200,1610.4,1632.4,1646.2
2025-08-21,2025-08-21 10:02:26.500,MO2606-P-8200,1610.4,1634.4,1646.8
2025-08-21,2025-08-21 10:02:27.000,MO2606-P-8200,1610.4,1634.4,1646.6
2025-08-21,2025-08-21 10:02:37.000,MO2606-P-8200,1610.4,1634.4,1646.4
2025-08-21,2025-08-21 10:02:38.000,MO2606-P-8200,1610.4,1634.4,1646.4
2025-08-21,2025-08-21 10:02:40.000,MO2606-P-8200,1610.4,1634.4,1646.4
2025-08-21,2025-08-21 10:02:44.000,MO2606-P-8200,1610.4,1632.4,1646.2
2025-08-21,2025-08-21 10:02:47.500,MO2606-P-8200,1610.4,1632.4,1646.2
2025-08-21,2025-08-21 10:02:48.000,MO2606-P-8200,1610.4,1632.4,1646.2
2025-08-21,2025-08-21 10:02:48.500,MO2606-P-8200,1610.4,1632.4,1646.2
2025-08-21,2025-08-21 10:02:50.500,MO2606-P-8200,1610.4,1632.2,1646.2
2025-08-21,2025-08-21 10:02:51.000,MO2606-P-8200,1610.4,1632.2,1646.2
2025-08-21,2025-08-21 10:02:51.500,MO2606-P-8200,1610.4,1632.2,1646.2
2025-08-21,2025-08-21 10:02:57.000,MO2606-P-8200,1610.4,1632.2,1646.2
2025-08-21,2025-08-21 10:03:01.000,MO2606-P-8200,1610.4,1632.2,1646.2
2025-08-21,2025-08-21 10:03:01.500,MO2606-P-8200,1610.4,1632.2,1646.2
2025-08-21,2025-08-21 10:03:04.000,MO2606-P-8200,1610.4,1632.2,1646.2
2025-08-21,2025-08-21 10:03:04.500,MO2606-P-8200,1610.4,1632.2,1646.2
2025-08-21,2025-08-21 10:03:05.500,MO2606-P-8200,1610.4,1632.2,1646.2
2025-08-21,2025-08-21 10:03:07.000,MO2606-P-8200,1610.4,1632.2,1646.0
2025-08-21,2025-08-21 10:03:13.000,MO2606-P-8200,1610.4,1632.2,1646.0
2025-08-21,2025-08-21 10:03:17.000,MO2606-P-8200,1610.4,1632.2,1645.8
2025-08-21,2025-08-21 10:03:22.000,MO2606-P-8200,1610.4,1634.2,1645.8
2025-08-21,2025-08-21 10:03:22.500,MO2606-P-8200,1610.4,1634.2,1645.8
2025-08-21,2025-08-21 10:03:23.000,MO2606-P-8200,1610.4,1634.2,1645.8
2025-08-21,2025-08-21 10:03:23.500,MO2606-P-8200,1610.4,1634.2,1645.8
2025-08-21,2025-08-21 10:03:27.000,MO2606-P-8200,1610.4,1634.2,1645.6
2025-08-21,2025-08-21 10:03:37.000,MO2606-P-8200,1610.4,1634.2,1645.4
2025-08-21,2025-08-21 10:03:40.000,MO2606-P-8200,1610.4,1634.2,1645.4
2025-08-21,2025-08-21 10:03:47.000,MO2606-P-8200,1610.4,1634.2,1645.2
2025-08-21,2025-08-21 10:03:58.500,MO2606-P-8200,1610.4,1634.2,1648.0
2025-08-21,2025-08-21 10:03:59.000,MO2606-P-8200,1610.4,1634.2,1648.0
2025-08-21,2025-08-21 10:03:59.500,MO2606-P-8200,1610.4,1634.2,1648.0
2025-08-21,2025-08-21 10:04:00.500,MO2606-P-8200,1610.4,1636.8,1648.0
2025-08-21,2025-08-21 10:04:01.000,MO2606-P-8200,1610.4,1636.8,1648.0
2025-08-21,2025-08-21 10:04:01.500,MO2606-P-8200,1610.4,1636.8,1648.0
2025-08-21,2025-08-21 10:04:02.000,MO2606-P-8200,1610.4,1636.8,1648.0
2025-08-21,2025-08-21 10:04:02.500,MO2606-P-8200,1610.4,1636.8,1648.0
2025-08-21,2025-08-21 10:04:03.000,MO2606-P-8200,1610.4,1636.8,1648.8
2025-08-21,2025-08-21 10:04:03.500,MO2606-P-8200,1610.4,1636.8,1649.0
2025-08-21,2025-08-21 10:04:04.000,MO2606-P-8200,1610.4,1636.8,1649.8
2025-08-21,2025-08-21 10:04:04.500,MO2606-P-8200,1610.4,1636.8,1649.8
2025-08-21,2025-08-21 10:04:05.000,MO2606-P-8200,1610.4,1636.8,1649.8
2025-08-21,2025-08-21 10:04:05.500,MO2606-P-8200,1610.4,1636.8,1649.8
2025-08-21,2025-08-21 10:04:06.000,MO2606-P-8200,1610.4,1636.8,1649.8
2025-08-21,2025-08-21 10:04:06.500,MO2606-P-8200,1610.4,1636.8,1649.8
2025-08-21,2025-08-21 10:04:11.500,MO2606-P-8200,1610.4,1639.0,1649.8
2025-08-21,2025-08-21 10:04:12.000,MO2606-P-8200,1610.4,1639.0,1649.8
2025-08-21,2025-08-21 10:04:12.500,MO2606-P-8200,1610.4,1639.0,1649.8
2025-08-21,2025-08-21 10:04:13.500,MO2606-P-8200,1610.4,1639.0,1649.8
2025-08-21,2025-08-21 10:04:17.500,MO2606-P-8200,1610.4,1639.0,1649.8
2025-08-21,2025-08-21 10:04:18.000,MO2606-P-8200,1610.4,1639.0,1649.8
2025-08-21,2025-08-21 10:04:19.000,MO2606-P-8200,1610.4,1642.2,1649.8
2025-08-21,2025-08-21 10:04:20.500,MO2606-P-8200,1610.4,1642.2,1649.8
2025-08-21,2025-08-21 10:04:21.000,MO2606-P-8200,1610.4,1642.2,1649.8
2025-08-21,2025-08-21 10:04:21.500,MO2606-P-8200,1610.4,1642.2,1649.8
2025-08-21,2025-08-21 10:04:22.000,MO2606-P-8200,1610.4,1642.2,1649.8
2025-08-21,2025-08-21 10:04:23.000,MO2606-P-8200,1610.4,1642.2,1649.8
2025-08-21,2025-08-21 10:04:31.000,MO2606-P-8200,1610.4,1642.2,1649.8
2025-08-21,2025-08-21 10:04:31.500,MO2606-P-8200,1610.4,1642.2,1649.8
2025-08-21,2025-08-21 10:04:32.000,MO2606-P-8200,1610.4,1642.2,1649.8
2025-08-21,2025-08-21 10:04:34.000,MO2606-P-8200,1610.4,1642.2,1649.8
2025-08-21,2025-08-21 10:04:34.500,MO2606-P-8200,1610.4,1645.0,1649.8
2025-08-21,2025-08-21 10:04:35.000,MO2606-P-8200,1610.4,1645.0,1649.8
2025-08-21,2025-08-21 10:04:35.500,MO2606-P-8200,1610.4,1645.0,1649.8
2025-08-21,2025-08-21 10:04:36.000,MO2606-P-8200,1610.4,1645.0,1649.8
2025-08-21,2025-08-21 10:04:36.500,MO2606-P-8200,1610.4,1645.0,1649.8
2025-08-21,2025-08-21 10:04:37.000,MO2606-P-8200,1610.4,1645.0,1649.8
2025-08-21,2025-08-21 10:04:37.500,MO2606-P-8200,1610.4,1645.0,1649.8
2025-08-21,2025-08-21 10:04:38.000,MO2606-P-8200,1610.4,1645.0,1649.8
2025-08-21,2025-08-21 10:04:38.500,MO2606-P-8200,1610.4,1645.0,1649.8
2025-08-21,2025-08-21 10:04:39.000,MO2606-P-8200,1610.4,1645.0,1649.8
2025-08-21,2025-08-21 10:04:39.500,MO2606-P-8200,1610.4,1645.0,1649.8
2025-08-21,2025-08-21 10:04:40.000,MO2606-P-8200,1610.4,1645.0,1649.8
2025-08-21,2025-08-21 10:04:40.500,MO2606-P-8200,1610.4,1645.0,1649.8
2025-08-21,2025-08-21 10:04:41.000,MO2606-P-8200,1610.4,1645.0,1649.8
2025-08-21,2025-08-21 10:04:41.500,MO2606-P-8200,1610.4,1645.0,1649.8
2025-08-21,2025-08-21 10:04:42.000,MO2606-P-8200,1610.4,1645.0,1649.8
2025-08-21,2025-08-21 10:04:43.000,MO2606-P-8200,1610.4,1645.0,1649.8
2025-08-21,2025-08-21 10:04:47.500,MO2606-P-8200,1610.4,1645.0,1649.8
2025-08-21,2025-08-21 10:04:48.000,MO2606-P-8200,1610.4,1645.0,1649.8
2025-08-21,2025-08-21 10:04:59.000,MO2606-P-8200,1610.4,1645.0,1649.8
2025-08-21,2025-08-21 10:04:59.500,MO2606-P-8200,1610.4,1645.0,1649.8
2025-08-21,2025-08-21 10:05:00.000,MO2606-P-8200,1610.4,1645.0,1649.8
2025-08-21,2025-08-21 10:05:00.500,MO2606-P-8200,1610.4,1642.6,1649.8
2025-08-21,2025-08-21 10:05:01.000,MO2606-P-8200,1610.4,1642.6,1649.8
2025-08-21,2025-08-21 10:05:01.500,MO2606-P-8200,1610.4,1642.6,1649.8
2025-08-21,2025-08-21 10:05:02.000,MO2606-P-8200,1610.4,1642.6,1649.8
2025-08-21,2025-08-21 10:05:02.500,MO2606-P-8200,1610.4,1642.6,1649.8
2025-08-21,2025-08-21 10:05:03.000,MO2606-P-8200,1610.4,1642.6,1649.8
2025-08-21,2025-08-21 10:05:03.500,MO2606-P-8200,1610.4,1642.6,1649.8
2025-08-21,2025-08-21 10:05:04.000,MO2606-P-8200,1610.4,1642.6,1649.8
2025-08-21,2025-08-21 10:05:04.500,MO2606-P-8200,1610.4,1642.6,1649.8
2025-08-21,2025-08-21 10:05:05.000,MO2606-P-8200,1610.4,1642.6,1649.8
2025-08-21,2025-08-21 10:05:05.500,MO2606-P-8200,1610.4,1642.6,1649.8
2025-08-21,2025-08-21 10:05:06.000,MO2606-P-8200,1610.4,1640.2,1649.8
2025-08-21,2025-08-21 10:05:06.500,MO2606-P-8200,1610.4,1640.2,1649.8
2025-08-21,2025-08-21 10:05:07.500,MO2606-P-8200,1610.4,1640.2,1649.8
2025-08-21,2025-08-21 10:05:08.000,MO2606-P-8200,1610.4,1640.2,1649.8
2025-08-21,2025-08-21 10:05:08.500,MO2606-P-8200,1610.4,1640.2,1649.8
2025-08-21,2025-08-21 10:05:09.000,MO2606-P-8200,1610.4,1640.2,1649.8
2025-08-21,2025-08-21 10:05:11.000,MO2606-P-8200,1610.4,1640.2,1649.8
2025-08-21,2025-08-21 10:05:11.500,MO2606-P-8200,1610.4,1637.2,1649.8
2025-08-21,2025-08-21 10:05:12.000,MO2606-P-8200,1610.4,1637.2,1649.8
2025-08-21,2025-08-21 10:05:12.500,MO2606-P-8200,1610.4,1637.2,1649.8
2025-08-21,2025-08-21 10:05:13.000,MO2606-P-8200,1610.4,1636.8,1649.8
2025-08-21,2025-08-21 10:05:13.500,MO2606-P-8200,1610.4,1636.8,1649.8
2025-08-21,2025-08-21 10:05:14.000,MO2606-P-8200,1610.4,1636.8,1649.8
2025-08-21,2025-08-21 10:05:14.500,MO2606-P-8200,1610.4,1636.8,1649.8
2025-08-21,2025-08-21 10:05:16.000,MO2606-P-8200,1610.4,1636.8,1649.6
2025-08-21,2025-08-21 10:05:16.500,MO2606-P-8200,1610.4,1636.8,1649.6
2025-08-21,2025-08-21 10:05:17.000,MO2606-P-8200,1610.4,1636.8,1649.6
2025-08-21,2025-08-21 10:05:17.500,MO2606-P-8200,1610.4,1636.8,1649.6
2025-08-21,2025-08-21 10:05:18.000,MO2606-P-8200,1610.4,1636.8,1649.6
2025-08-21,2025-08-21 10:05:26.000,MO2606-P-8200,1610.4,1636.8,1649.4
2025-08-21,2025-08-21 10:05:28.000,MO2606-P-8200,1610.4,1636.2,1649.4
2025-08-21,2025-08-21 10:05:36.000,MO2606-P-8200,1610.4,1636.2,1649.2
2025-08-21,2025-08-21 10:05:41.000,MO2606-P-8200,1610.4,1636.2,1649.2
2025-08-21,2025-08-21 10:05:41.500,MO2606-P-8200,1610.4,1636.2,1649.2
2025-08-21,2025-08-21 10:05:46.000,MO2606-P-8200,1610.4,1636.2,1649.0
2025-08-21,2025-08-21 10:05:49.500,MO2606-P-8200,1610.4,1636.2,1649.0
2025-08-21,2025-08-21 10:05:50.000,MO2606-P-8200,1610.4,1636.2,1649.0
2025-08-21,2025-08-21 10:05:51.000,MO2606-P-8200,1636.2,1636.2,1649.0
2025-08-21,2025-08-21 10:05:51.500,MO2606-P-8200,1636.2,1636.2,1649.0
2025-08-21,2025-08-21 10:05:55.000,MO2606-P-8200,1636.2,1636.2,1649.0
2025-08-21,2025-08-21 10:05:55.500,MO2606-P-8200,1636.2,1636.2,1649.0
2025-08-21,2025-08-21 10:05:56.000,MO2606-P-8200,1636.2,1636.2,1648.8
2025-08-21,2025-08-21 10:06:01.500,MO2606-P-8200,1636.2,1636.2,1648.8
2025-08-21,2025-08-21 10:06:02.500,MO2606-P-8200,1636.2,1636.2,1648.8
2025-08-21,2025-08-21 10:06:03.000,MO2606-P-8200,1636.2,1636.2,1648.8
2025-08-21,2025-08-21 10:06:05.000,MO2606-P-8200,1636.2,1636.2,1648.8
2025-08-21,2025-08-21 10:06:06.000,MO2606-P-8200,1636.2,1636.2,1648.6
2025-08-21,2025-08-21 10:06:16.000,MO2606-P-8200,1636.2,1636.2,1648.4
2025-08-21,2025-08-21 10:06:17.000,MO2606-P-8200,1636.2,1636.2,1648.4
2025-08-21,2025-08-21 10:06:17.500,MO2606-P-8200,1636.2,1636.2,1648.4
2025-08-21,2025-08-21 10:06:18.000,MO2606-P-8200,1636.2,1636.2,1648.4
2025-08-21,2025-08-21 10:06:22.500,MO2606-P-8200,1636.2,1636.2,1648.4
2025-08-21,2025-08-21 10:06:23.000,MO2606-P-8200,1636.2,1636.2,1648.4
2025-08-21,2025-08-21 10:06:26.000,MO2606-P-8200,1636.2,1636.2,1648.2
2025-08-21,2025-08-21 10:06:26.500,MO2606-P-8200,1636.2,1636.2,1648.2
2025-08-21,2025-08-21 10:06:27.000,MO2606-P-8200,1636.2,1636.2,1648.2
2025-08-21,2025-08-21 10:06:30.000,MO2606-P-8200,1636.2,1635.0,1648.2
2025-08-21,2025-08-21 10:06:30.500,MO2606-P-8200,1636.2,1633.0,1648.2
2025-08-21,2025-08-21 10:06:31.000,MO2606-P-8200,1636.2,1632.0,1648.2
2025-08-21,2025-08-21 10:06:31.500,MO2606-P-8200,1636.2,1632.0,1648.2
2025-08-21,2025-08-21 10:06:32.000,MO2606-P-8200,1636.2,1631.0,1648.2
2025-08-21,2025-08-21 10:06:32.500,MO2606-P-8200,1636.2,1629.8,1648.2
2025-08-21,2025-08-21 10:06:33.000,MO2606-P-8200,1636.2,1629.8,1648.2
2025-08-21,2025-08-21 10:06:33.500,MO2606-P-8200,1636.2,1629.8,1648.2
2025-08-21,2025-08-21 10:06:34.000,MO2606-P-8200,1636.2,1629.8,1648.2
2025-08-21,2025-08-21 10:06:36.000,MO2606-P-8200,1636.2,1635.6,1648.0
2025-08-21,2025-08-21 10:06:36.500,MO2606-P-8200,1636.2,1635.6,1648.0
2025-08-21,2025-08-21 10:06:46.000,MO2606-P-8200,1636.2,1635.6,1647.8
2025-08-21,2025-08-21 10:06:56.000,MO2606-P-8200,1636.2,1635.6,1647.6
2025-08-21,2025-08-21 10:07:05.500,MO2606-P-8200,1636.2,1635.6,1647.6
2025-08-21,2025-08-21 10:07:06.500,MO2606-P-8200,1636.2,1635.6,1647.4
2025-08-21,2025-08-21 10:07:13.000,MO2606-P-8200,1636.2,1632.6,1646.8
2025-08-21,2025-08-21 10:07:13.500,MO2606-P-8200,1636.2,1632.6,1646.8
2025-08-21,2025-08-21 10:07:14.000,MO2606-P-8200,1636.2,1632.6,1646.8
2025-08-21,2025-08-21 10:07:23.500,MO2606-P-8200,1636.2,1632.6,1646.6
2025-08-21,2025-08-21 10:07:33.500,MO2606-P-8200,1636.2,1632.6,1646.4
2025-08-21,2025-08-21 10:07:43.500,MO2606-P-8200,1636.2,1632.6,1646.2
2025-08-21,2025-08-21 10:07:53.500,MO2606-P-8200,1636.2,1632.6,1646.0
2025-08-21,2025-08-21 10:08:03.500,MO2606-P-8200,1636.2,1632.6,1645.8
2025-08-21,2025-08-21 10:08:13.500,MO2606-P-8200,1636.2,1632.6,1645.6
2025-08-21,2025-08-21 10:08:23.500,MO2606-P-8200,1636.2,1632.6,1645.4
2025-08-21,2025-08-21 10:08:25.000,MO2606-P-8200,1636.2,1632.6,1645.4
2025-08-21,2025-08-21 10:08:28.000,MO2606-P-8200,1636.2,1632.6,1645.4
2025-08-21,2025-08-21 10:08:33.500,MO2606-P-8200,1636.2,1632.6,1645.2
2025-08-21,2025-08-21 10:08:43.500,MO2606-P-8200,1636.2,1632.6,1645.0
2025-08-21,2025-08-21 10:08:53.500,MO2606-P-8200,1636.2,1632.6,1644.8
2025-08-21,2025-08-21 10:09:02.000,MO2606-P-8200,1636.2,1632.6,1644.8
2025-08-21,2025-08-21 10:09:02.500,MO2606-P-8200,1636.2,1632.6,1644.8
2025-08-21,2025-08-21 10:09:03.500,MO2606-P-8200,1636.2,1632.6,1644.6
2025-08-21,2025-08-21 10:09:13.500,MO2606-P-8200,1636.2,1632.6,1644.4
2025-08-21,2025-08-21 10:09:23.500,MO2606-P-8200,1636.2,1632.6,1644.2
2025-08-21,2025-08-21 10:09:28.500,MO2606-P-8200,1636.2,1632.6,1645.4
2025-08-21,2025-08-21 10:09:29.000,MO2606-P-8200,1636.2,1632.6,1645.4
2025-08-21,2025-08-21 10:09:39.000,MO2606-P-8200,1636.2,1632.6,1645.2
2025-08-21,2025-08-21 10:09:49.000,MO2606-P-8200,1636.2,1632.6,1645.0
2025-08-21,2025-08-21 10:09:59.000,MO2606-P-8200,1636.2,1632.6,1644.8
2025-08-21,2025-08-21 10:10:08.000,MO2606-P-8200,1636.2,1632.6,1644.8
2025-08-21,2025-08-21 10:10:08.500,MO2606-P-8200,1636.2,1632.6,1644.8
2025-08-21,2025-08-21 10:10:09.000,MO2606-P-8200,1636.2,1632.6,1644.6
2025-08-21,2025-08-21 10:10:19.000,MO2606-P-8200,1636.2,1632.6,1644.4
2025-08-21,2025-08-21 10:10:29.000,MO2606-P-8200,1636.2,1632.6,1644.2
2025-08-21,2025-08-21 10:10:39.000,MO2606-P-8200,1636.2,1632.6,1644.0
2025-08-21,2025-08-21 10:10:49.000,MO2606-P-8200,1636.2,1632.6,1643.8
2025-08-21,2025-08-21 10:10:55.500,MO2606-P-8200,1636.2,1632.6,1643.8
2025-08-21,2025-08-21 10:10:56.000,MO2606-P-8200,1636.2,1632.6,1643.8
2025-08-21,2025-08-21 10:10:56.500,MO2606-P-8200,1636.2,1632.6,1643.8
2025-08-21,2025-08-21 10:10:57.000,MO2606-P-8200,1636.2,1632.6,1643.8
2025-08-21,2025-08-21 10:10:57.500,MO2606-P-8200,1636.2,1632.6,1643.8
2025-08-21,2025-08-21 10:10:58.000,MO2606-P-8200,1636.2,1632.6,1643.8
2025-08-21,2025-08-21 10:10:58.500,MO2606-P-8200,1636.2,1632.6,1643.8
2025-08-21,2025-08-21 10:10:59.000,MO2606-P-8200,1636.2,1632.6,1643.6
2025-08-21,2025-08-21 10:10:59.500,MO2606-P-8200,1636.2,1632.6,1643.6
2025-08-21,2025-08-21 10:11:00.000,MO2606-P-8200,1636.2,1632.6,1643.6
2025-08-21,2025-08-21 10:11:00.500,MO2606-P-8200,1636.2,1632.6,1643.6
2025-08-21,2025-08-21 10:11:01.000,MO2606-P-8200,1636.2,1632.6,1643.6
2025-08-21,2025-08-21 10:11:01.500,MO2606-P-8200,1636.2,1632.6,1643.6
2025-08-21,2025-08-21 10:11:02.000,MO2606-P-8200,1636.2,1632.6,1643.6
2025-08-21,2025-08-21 10:11:02.500,MO2606-P-8200,1636.2,1632.6,1643.6
2025-08-21,2025-08-21 10:11:03.000,MO2606-P-8200,1636.2,1632.6,1643.6
2025-08-21,2025-08-21 10:11:03.500,MO2606-P-8200,1636.2,1632.6,1643.6
2025-08-21,2025-08-21 10:11:04.000,MO2606-P-8200,1636.2,1632.6,1643.6
2025-08-21,2025-08-21 10:11:04.500,MO2606-P-8200,1636.2,1632.6,1643.6
2025-08-21,2025-08-21 10:11:05.000,MO2606-P-8200,1636.2,1632.6,1643.6
2025-08-21,2025-08-21 10:11:05.500,MO2606-P-8200,1636.2,1632.6,1643.6
2025-08-21,2025-08-21 10:11:06.000,MO2606-P-8200,1636.2,1632.6,1643.6
2025-08-21,2025-08-21 10:11:09.000,MO2606-P-8200,1636.2,1632.6,1643.4
2025-08-21,2025-08-21 10:11:13.000,MO2606-P-8200,1636.2,1635.0,1643.4
2025-08-21,2025-08-21 10:11:13.500,MO2606-P-8200,1636.2,1635.0,1643.4
2025-08-21,2025-08-21 10:11:14.500,MO2606-P-8200,1636.2,1635.0,1643.4
2025-08-21,2025-08-21 10:11:19.000,MO2606-P-8200,1636.2,1635.0,1643.2
2025-08-21,2025-08-21 10:11:29.000,MO2606-P-8200,1636.2,1635.0,1643.0
2025-08-21,2025-08-21 10:11:39.000,MO2606-P-8200,1636.2,1635.0,1642.8
2025-08-21,2025-08-21 10:11:44.000,MO2606-P-8200,1636.2,1635.0,1645.4
2025-08-21,2025-08-21 10:11:44.500,MO2606-P-8200,1636.2,1635.0,1645.4
2025-08-21,2025-08-21 10:11:46.000,MO2606-P-8200,1636.2,1635.0,1645.4
2025-08-21,2025-08-21 10:11:46.500,MO2606-P-8200,1636.2,1635.0,1645.4
2025-08-21,2025-08-21 10:11:47.000,MO2606-P-8200,1636.2,1635.0,1645.4
2025-08-21,2025-08-21 10:11:47.500,MO2606-P-8200,1636.2,1635.0,1645.4
2025-08-21,2025-08-21 10:11:51.500,MO2606-P-8200,1636.2,1637.4,1648.8
2025-08-21,2025-08-21 10:11:52.000,MO2606-P-8200,1636.2,1637.4,1648.8
2025-08-21,2025-08-21 10:11:52.500,MO2606-P-8200,1636.2,1637.4,1648.8
2025-08-21,2025-08-21 10:11:53.000,MO2606-P-8200,1636.2,1637.4,1648.8
2025-08-21,2025-08-21 10:11:53.500,MO2606-P-8200,1636.2,1637.4,1648.8
2025-08-21,2025-08-21 10:11:58.500,MO2606-P-8200,1636.2,1637.4,1648.8
2025-08-21,2025-08-21 10:11:59.000,MO2606-P-8200,1636.2,1637.4,1648.8
2025-08-21,2025-08-21 10:11:59.500,MO2606-P-8200,1636.2,1637.4,1648.8
2025-08-21,2025-08-21 10:12:00.000,MO2606-P-8200,1636.2,1637.4,1648.8
2025-08-21,2025-08-21 10:12:00.500,MO2606-P-8200,1636.2,1637.4,1648.8
2025-08-21,2025-08-21 10:12:01.000,MO2606-P-8200,1636.2,1637.4,1650.0
2025-08-21,2025-08-21 10:12:01.500,MO2606-P-8200,1636.2,1637.4,1650.0
2025-08-21,2025-08-21 10:12:02.000,MO2606-P-8200,1636.2,1637.4,1650.0
2025-08-21,2025-08-21 10:12:02.500,MO2606-P-8200,1636.2,1637.4,1650.0
2025-08-21,2025-08-21 10:12:03.000,MO2606-P-8200,1636.2,1637.4,1650.0
2025-08-21,2025-08-21 10:12:03.500,MO2606-P-8200,1636.2,1637.4,1650.0
2025-08-21,2025-08-21 10:12:04.000,MO2606-P-8200,1636.2,1637.4,1650.0
2025-08-21,2025-08-21 10:12:07.000,MO2606-P-8200,1636.2,1637.4,1650.0
2025-08-21,2025-08-21 10:12:09.000,MO2606-P-8200,1636.2,1637.4,1650.0
2025-08-21,2025-08-21 10:12:11.500,MO2606-P-8200,1636.2,1637.4,1650.0
2025-08-21,2025-08-21 10:12:12.500,MO2606-P-8200,1636.2,1637.4,1650.0
2025-08-21,2025-08-21 10:12:22.500,MO2606-P-8200,1636.2,1637.4,1649.8
2025-08-21,2025-08-21 10:12:32.500,MO2606-P-8200,1636.2,1637.4,1649.6
2025-08-21,2025-08-21 10:12:42.500,MO2606-P-8200,1636.2,1637.4,1649.4
2025-08-21,2025-08-21 10:12:52.500,MO2606-P-8200,1636.2,1637.4,1649.2
2025-08-21,2025-08-21 10:13:02.500,MO2606-P-8200,1636.2,1637.4,1649.0
2025-08-21,2025-08-21 10:13:12.500,MO2606-P-8200,1636.2,1637.4,1648.8
2025-08-21,2025-08-21 10:13:18.500,MO2606-P-8200,1636.2,1637.4,1648.8
2025-08-21,2025-08-21 10:13:19.000,MO2606-P-8200,1636.2,1635.2,1648.8
2025-08-21,2025-08-21 10:13:19.500,MO2606-P-8200,1636.2,1635.2,1648.8
2025-08-21,2025-08-21 10:13:20.000,MO2606-P-8200,1636.2,1635.2,1648.8
2025-08-21,2025-08-21 10:13:20.500,MO2606-P-8200,1636.2,1635.2,1648.8
2025-08-21,2025-08-21 10:13:22.000,MO2606-P-8200,1636.2,1635.2,1648.8
2025-08-21,2025-08-21 10:13:22.500,MO2606-P-8200,1636.2,1635.2,1648.6
2025-08-21,2025-08-21 10:13:25.000,MO2606-P-8200,1636.2,1632.6,1646.8
2025-08-21,2025-08-21 10:13:25.500,MO2606-P-8200,1636.2,1632.6,1646.8
2025-08-21,2025-08-21 10:13:27.500,MO2606-P-8200,1636.2,1632.6,1646.8
2025-08-21,2025-08-21 10:13:37.500,MO2606-P-8200,1636.2,1632.6,1646.6
2025-08-21,2025-08-21 10:13:40.000,MO2606-P-8200,1636.2,1632.6,1646.6
2025-08-21,2025-08-21 10:13:47.500,MO2606-P-8200,1636.2,1632.6,1646.4
2025-08-21,2025-08-21 10:13:48.000,MO2606-P-8200,1636.2,1632.6,1646.4
2025-08-21,2025-08-21 10:13:57.500,MO2606-P-8200,1636.2,1632.6,1646.2
2025-08-21,2025-08-21 10:14:08.000,MO2606-P-8200,1636.2,1632.6,1646.0
2025-08-21,2025-08-21 10:14:09.000,MO2606-P-8200,1636.2,1634.8,1646.0
2025-08-21,2025-08-21 10:14:15.000,MO2606-P-8200,1636.2,1634.8,1646.0
2025-08-21,2025-08-21 10:14:15.500,MO2606-P-8200,1636.2,1634.8,1646.0
2025-08-21,2025-08-21 10:14:16.500,MO2606-P-8200,1636.2,1634.8,1646.0
2025-08-21,2025-08-21 10:14:18.000,MO2606-P-8200,1636.2,1634.8,1645.8
2025-08-21,2025-08-21 10:14:28.000,MO2606-P-8200,1636.2,1634.8,1645.6
2025-08-21,2025-08-21 10:14:38.000,MO2606-P-8200,1636.2,1634.8,1645.4
2025-08-21,2025-08-21 10:14:39.000,MO2606-P-8200,1636.2,1637.6,1645.4
2025-08-21,2025-08-21 10:14:39.500,MO2606-P-8200,1636.2,1637.6,1645.4
2025-08-21,2025-08-21 10:14:50.500,MO2606-P-8200,1636.2,1637.6,1645.2
2025-08-21,2025-08-21 10:14:55.000,MO2606-P-8200,1636.2,1637.6,1649.2
2025-08-21,2025-08-21 10:14:55.500,MO2606-P-8200,1636.2,1637.6,1649.2
2025-08-21,2025-08-21 10:14:56.000,MO2606-P-8200,1636.2,1637.6,1649.2
2025-08-21,2025-08-21 10:14:56.500,MO2606-P-8200,1636.2,1637.6,1649.2
2025-08-21,2025-08-21 10:14:59.000,MO2606-P-8200,1636.2,1641.0,1649.2
2025-08-21,2025-08-21 10:15:03.000,MO2606-P-8200,1636.2,1641.0,1649.2
2025-08-21,2025-08-21 10:15:03.500,MO2606-P-8200,1636.2,1641.0,1649.2
2025-08-21,2025-08-21 10:15:04.000,MO2606-P-8200,1636.2,1641.0,1649.2
2025-08-21,2025-08-21 10:15:04.500,MO2606-P-8200,1636.2,1641.0,1649.2
2025-08-21,2025-08-21 10:15:05.000,MO2606-P-8200,1649.2,1641.0,1649.8
2025-08-21,2025-08-21 10:15:05.500,MO2606-P-8200,1649.2,1641.0,1650.0
2025-08-21,2025-08-21 10:15:06.000,MO2606-P-8200,1649.2,1649.8,1650.0
2025-08-21,2025-08-21 10:15:06.500,MO2606-P-8200,1649.2,1649.8,1650.0
2025-08-21,2025-08-21 10:15:07.000,MO2606-P-8200,1649.2,1649.8,1650.0
2025-08-21,2025-08-21 10:15:09.500,MO2606-P-8200,1649.2,1649.8,1650.0
2025-08-21,2025-08-21 10:15:10.500,MO2606-P-8200,1649.2,1649.8,1650.0
2025-08-21,2025-08-21 10:15:11.000,MO2606-P-8200,1649.2,1649.8,1650.0
2025-08-21,2025-08-21 10:15:11.500,MO2606-P-8200,1649.2,1649.8,1650.0
2025-08-21,2025-08-21 10:15:12.000,MO2606-P-8200,1649.2,1649.8,1650.0
2025-08-21,2025-08-21 10:15:13.000,MO2606-P-8200,1649.2,1649.8,1650.0
2025-08-21,2025-08-21 10:15:13.500,MO2606-P-8200,1649.2,1649.8,1650.0
2025-08-21,2025-08-21 10:15:14.000,MO2606-P-8200,1649.2,1649.8,1650.0
2025-08-21,2025-08-21 10:15:14.500,MO2606-P-8200,1649.2,1649.8,1650.0
2025-08-21,2025-08-21 10:15:15.000,MO2606-P-8200,1649.2,1649.8,1650.0
2025-08-21,2025-08-21 10:15:15.500,MO2606-P-8200,1649.2,1649.8,1650.0
2025-08-21,2025-08-21 10:15:16.000,MO2606-P-8200,1649.2,1649.8,1650.0
2025-08-21,2025-08-21 10:15:16.500,MO2606-P-8200,1651.2,1643.8,1651.8
2025-08-21,2025-08-21 10:15:17.000,MO2606-P-8200,1651.2,1643.8,1651.8
2025-08-21,2025-08-21 10:15:19.000,MO2606-P-8200,1651.2,1643.2,1651.8
2025-08-21,2025-08-21 10:15:20.000,MO2606-P-8200,1651.2,1643.2,1651.8
2025-08-21,2025-08-21 10:15:20.500,MO2606-P-8200,1651.2,1643.2,1651.8
2025-08-21,2025-08-21 10:15:21.000,MO2606-P-8200,1651.2,1643.2,1651.8
2025-08-21,2025-08-21 10:15:21.500,MO2606-P-8200,1651.2,1643.2,1651.8
2025-08-21,2025-08-21 10:15:22.000,MO2606-P-8200,1651.2,1643.2,1651.8
2025-08-21,2025-08-21 10:15:22.500,MO2606-P-8200,1651.2,1643.2,1651.8
2025-08-21,2025-08-21 10:15:23.500,MO2606-P-8200,1651.2,1643.2,1651.8
2025-08-21,2025-08-21 10:15:24.000,MO2606-P-8200,1651.2,1643.2,1651.8
2025-08-21,2025-08-21 10:15:24.500,MO2606-P-8200,1651.2,1643.2,1651.8
2025-08-21,2025-08-21 10:15:25.000,MO2606-P-8200,1651.2,1643.2,1651.8
2025-08-21,2025-08-21 10:15:25.500,MO2606-P-8200,1651.2,1643.2,1651.8
2025-08-21,2025-08-21 10:15:26.500,MO2606-P-8200,1651.2,1643.2,1651.8
2025-08-21,2025-08-21 10:15:27.000,MO2606-P-8200,1651.2,1643.2,1651.6
2025-08-21,2025-08-21 10:15:27.500,MO2606-P-8200,1651.2,1643.2,1651.6
2025-08-21,2025-08-21 10:15:28.500,MO2606-P-8200,1651.2,1643.2,1651.6
2025-08-21,2025-08-21 10:15:29.500,MO2606-P-8200,1651.2,1643.2,1651.6
2025-08-21,2025-08-21 10:15:30.000,MO2606-P-8200,1651.2,1643.2,1651.6
2025-08-21,2025-08-21 10:15:30.500,MO2606-P-8200,1651.2,1643.2,1651.6
2025-08-21,2025-08-21 10:15:31.000,MO2606-P-8200,1651.2,1643.2,1651.6
2025-08-21,2025-08-21 10:15:32.000,MO2606-P-8200,1651.2,1643.2,1651.6
2025-08-21,2025-08-21 10:15:32.500,MO2606-P-8200,1651.2,1643.2,1651.6
2025-08-21,2025-08-21 10:15:33.000,MO2606-P-8200,1651.2,1643.2,1651.6
2025-08-21,2025-08-21 10:15:33.500,MO2606-P-8200,1651.2,1643.2,1653.0
2025-08-21,2025-08-21 10:15:34.000,MO2606-P-8200,1651.2,1643.2,1653.0
2025-08-21,2025-08-21 10:15:34.500,MO2606-P-8200,1651.2,1643.2,1653.0
2025-08-21,2025-08-21 10:15:35.000,MO2606-P-8200,1651.2,1643.2,1653.0
2025-08-21,2025-08-21 10:15:35.500,MO2606-P-8200,1651.2,1643.2,1653.0
2025-08-21,2025-08-21 10:15:36.000,MO2606-P-8200,1651.2,1643.2,1653.0
2025-08-21,2025-08-21 10:15:36.500,MO2606-P-8200,1651.2,1643.2,1653.0
2025-08-21,2025-08-21 10:15:37.000,MO2606-P-8200,1651.2,1643.2,1653.0
